1735 2760
850 106 900 145 62

336 222 529 271 Sequatur
554 223 592 262 id
618 234 738 271 genus
764 235 841 272 quo
867 224 1055 274 imprimis
1078 223 1140 263 hic
1167 238 1233 273 que
1258 223 1415 273 copulae
1439 235 1533 265 usus

215 286 443 326 inlustratur
475 288 652 338 quodque
684 300 769 328 cum
802 290 970 328 oratoria
1003 289 1152 328 dicendi
1184 289 1333 329 ratione
1368 290 1532 330 maxime

215 354 400 393 convenit.
453 354 509 393 Ut
543 355 643 394 enim
673 356 816 396 maiore
844 356 881 395 vi
912 356 1180 414 pronuntietur
1214 355 1412 404 sententia,
1449 353 1553 396 fieri·

213 417 313 456 solet
338 420 383 457 ut
423 418 650 458 adiectivum
681 419 835 467 aliquod
872 423 940 459 aut
978 410 1199 459 adverbium
1239 422 1309 459 aut
1345 420 1420 459 alia
1455 430 1530 459 vox

212 492 311 530 quae
337 483 468 523 eodem
497 484 579 523 iure
604 484 654 524 ad
680 485 755 524 duo
781 484 966 524 voeabula
991 485 1192 534 pertineat,
1219 485 1371 533 utrique
1396 484 1530 534 detur-3

212 549 312 596 quod
331 548 538 589 inlustrent
562 549 602 589 hi
621 549 737 589 variis
755 550 875 590 modis
901 550 992 590 loci:

300 630 513 663 Geminatum
547 630 748 664 adieetivum
783 631 886 664 omnis
919 631 1003 673 legis
1037 630 1120 665 locis
1159 631 1229 664 his:
1262 630 1412 665 omibus
1447 630 1529 664 locis

299 677 682 731 omnibusq-nwmentis
707 699 758 731 ep.
793 690 846 730 3ο,
877 690 925 722 16.
959 689 1005 722 di.
1037 689 1083 722 vl
1119 690 1149 730 7,
1179 690 1210 722 4.
1245 688 1289 722 (11
1327 685 1376 721 1x
1410 689 1461 728 17,
1496 689 1527 722 3.

298 746 344 779 di.
375 746 422 779 XI
459 747 510 788 16,
546 747 576 778 5.
614 746 660 779 di.
696 746 759 779 XII
793 747 845 786 11,
878 749 909 780 7.
943 758 975 780 11.
1005 758 1037 789 q.
1071 747 1105 779 11
1141 746 1193 787 59,
1226 749 1256 779 2.
1290 757 1321 779 n.
1353 757 1384 788 q.
1419 745 1464 779 IV
1497 746 1531 787 2,

296 805 348 837 27.
476 846 479 849 ι
502 805 726 847 circa-circaq.
756 805 788 838 d.
816 805 857 838 cl.
878 805 911 837 Π
933 806 964 846 4,
987 806 1018 838 4.
1184 804 1527 848 deposito-depositoq-

296 862 340 895 di.
363 862 442 895 VIII
464 864 495 901 7,
520 864 549 895 1.
656 872 894 904 quam—quamq.
921 863 953 895 d.
975 863 1008 895 b.
1030 862 1077 895 111
1101 863 1153 905 38,
1176 863 1206 895 2.
1271 865 1452 905 tam—tamq.
1476 873 1528 905 ep.

296 920 348 961 ss,
373 920 421 953 10.
472 908 475 911 ”
604 929 717 962 eamq.
739 920 772 953 a.
799 920 831 953 b.
860 920 909 953 111
940 922 989 962 19,
1010 922 1041 953 4.
1157 920 1417 963 ammaon-q.
1441 920 1474 954 d.
1495 920 1529 954 b.

295 978 344 1010 111
365 979 417 1019 28,
442 979 470 1011 1.
536 981 680 1019 quantas
706 978 793 1011 vires
824 988 952 1020 quamq.
979 979 1126 1021 inteqras
1147 978 1192 1011 di.
1212 978 1242 1011 V
1272 979 1301 1020 1,
1324 980 1354 1011 1.
1459 981 1528 1012 tam

294 1037 399 1068 multa
426 1038 552 1076 tantoq.
579 1045 614 1068 ee
643 1035 720 1076 ipsa
747 1035 876 1069 maiora
895 1046 928 1067 n.
954 1046 984 1076 q.
1005 1034 1050 1067 VI
1075 1036 1124 1076 16,
1148 1036 1178 1067 3.
1258 1035 1333 1069 Euo
1354 1037 1529 1078 praeterea

293 1093 479 1135 pertinent:
503 1104 555 1135 ep.
580 1094 630 1135 75,
657 1094 707 1126 15.
731 1104 782 1135 ep.
806 1094 859 1133 80,
882 1095 912 1127 8.
938 1104 989 1136 ep.
1011 1094 1063 1135 85,
1091 1094 1143 1126 22.
1165 1103 1217 1136 ep.
1241 1094 1294 1136 89,
1315 1094 1367 1127 20.
1396 1103 1447 1136 ep.
1468 1093 1522 1137 99,

297 1154 345 1186 19.
369 1163 420 1194 ep.
441 1154 493 1194 90,
514 1154 566 1186 28.
588 1163 640 1194 ep.
663 1153 716 1194 95,
740 1153 790 1186 12.
814 1163 865 1194 ep.
889 1154 941 1192 95,
963 1154 1013 1185 30.
1038 1152 1070 1185 d.
1099 1152 1132 1185 b.
1158 1151 1192 1185 11
1217 1152 1268 1191 1⁷,
1297 1154 1327 1185 6.
1357 1151 1390 1185 d.
1417 1152 1450 1185 b.
1477 1151 1525 1185 VI

294 1211 347 1252 23,
369 1211 400 1243 4.
423 1210 468 1243 di.
491 1210 506 1242 1
529 1212 560 1249 4,
586 1212 637 1243 15.
661 1210 705 1242 di.
727 1209 773 1243 VI
799 1211 847 1250 18,
870 1211 901 1243 6.
924 1210 969 1242 di.
991 1209 1054 1242 VII
1081 1210 1135 1250 26,
1160 1210 1189 1242 5.
1219 1208 1264 1242 (11.
1287 1208 1333 1241 XI
1356 1208 1407 1250 11,
1429 1210 1460 1242 6.
1482 1208 1527 1241 di.

294 1268 342 1301 XI
369 1269 419 1309 12,
442 1269 473 1301 2.
497 1267 542 1302 di.
563 1267 626 1301 XII
651 1270 681 1302 7.
706 1269 737 1301 9.
760 1279 792 1301 11.
816 1280 848 1311 q.
878 1268 894 1300 1
917 1270 947 1310 5,
969 1270 1000 1301 2.
1028 1279 1060 1301 11.
1088 1278 1119 1310 q.
1149 1267 1197 1301 111
1224 1268 1275 1309 15,
1303 1266 1334 1300 8.
1355 1277 1389 1301 11.
1427 1276 1459 1308 q.
1479 1265 1526 1299 VI

293 1327 346 1367 3ο,
369 1327 400 1358 4.
423 1337 456 1359 n.
479 1337 511 1368 q.
533 1326 596 1376 vu
617 1327 670 1367 32,
693 1328 723 1360 3.

326 1398 406 1438 Nec
431 1402 558 1438 tamen
584 1410 737 1438 necesse
769 1401 829 1438 est
859 1409 1009 1448 semper
1040 1399 1226 1447 repetitae
1256 1397 1411 1437 voculae
1435 1407 1526 1447 par-

206 1463 365 1503 ticulam
394 1462 558 1512 adnecti,
583 1463 804 1512 adiungitur
829 1463 892 1502 alii
918 1463 1033 1503 verbo
1061 1473 1118 1513 ep.
1147 1463 1210 1512 91,
1233 1464 1257 1502 6
1286 1466 1527 1503 inbecillitatis

204 1533 346 1566 nostrae
377 1531 547 1566 solacium
570 1541 759 1575 rerumque
782 1533 997 1566 nostrarum.
1061 1530 1179 1575 Atque
1216 1527 1293 1576 (ac)
1329 1529 1458 1566 autem
1484 1527 1524 1566 in

205 1591 419 1631 huiusmodi
446 1592 654 1631 enuntiatis
677 1602 835 1640 perraro
861 1591 1077 1631 admittitur
1104 1605 1241 1632 samma
1270 1595 1455 1641 diliqentia
1483 1605 1525 1631 ac

203 1671 340 1696 summa
369 1661 562 1697 subtilitate
587 1669 644 1705 ep.
673 1658 734 1702 95,
760 1658 820 1695 61.
847 1663 920 1696 tam
950 1661 1014 1696 diu
1042 1671 1084 1696 ac
1105 1663 1177 1695 tam
1208 1660 1363 1703 fideliter
1394 1656 1444 1696 di.
1469 1656 1525 1695 XI

205 1723 239 1770 8,
268 1724 303 1763 2.
329 1728 422 1763 idem
446 1728 503 1762 ius
526 1714 630 1771 atque
650 1726 770 1762 eadem
794 1727 951 1770 potestas
976 1722 1025 1761 di.
1052 1721 1126 1761 VII
1152 1722 1212 1771 26,
1239 1722 1276 1761 4.

323 1804 381 1843 Ea
403 1814 493 1842 vero
529 1804 704 1852 exempla
743 1804 793 1843 ad
827 1813 925 1851 quae
962 1814 1062 1842 nunc
1093 1803 1352 1849 transibimus,
1380 1788 1525 1851 'genere

205 1867 359 1917 quidem
386 1879 471 1908 cum
499 1867 688 1919 prioribus
724 1868 973 1915 consentiunt,
1008 1866 1132 1918 specie
1158 1878 1233 1906 non
1258 1867 1360 1907 item.
1424 1866 1524 1905 Nam

201 1934 375 1983 repetitio
407 1933 476 1973 illa
498 1932 579 1972 fere
603 1933 729 1982 posita
755 1934 840 1972 erat
866 1933 908 1972 in
933 1935 1016 1972 arte
1041 1932 1239 1981 scribendi,
1280 1932 1375 1971 haec
1401 1932 1524 1971 oritur

204 2010 225 2038 e
249 2001 390 2038 natura
417 2000 457 2037 et
484 1997 700 2038 condicione
728 1999 923 2037 notionum
948 2009 1017 2047 per
1044 2011 1109 2047 que
1136 1997 1442 2046 compositarum.
1467 1997 1524 2036 Ao

200 2062 365 2111 primum
402 2062 566 2110 quidem,
598 2064 643 2101 ut
675 2073 698 2100 a
729 2060 935 2101 rarioribus
965 2061 1199 2111 incipiamus,
1233 2071 1281 2100 ea
1311 2061 1523 2101 indicentur

200 2127 241 2166 in
268 2126 405 2175 quibus
428 2124 473 2165 fit
494 2124 672 2174 repetitio
698 2124 815 2173 verbi,
844 2125 952 2165 cuius
978 2125 1129 2174 generis
1163 2124 1276 2174 plura
1301 2135 1418 2174 supra
1443 2126 1520 2165 iam

201 2193 386 2242 dedimus,
412 2192 603 2233 addantur
628 2191 689 2231 hic
714 2202 839 2240 pauca
856 2190 951 2231 alia:

285 2292 350 2316 non
367 2282 470 2324 pudet
491 2282 636 2316 homines
651 2306 659 2314 .
675 2306 684 2314 .
697 2303 705 2311 .
723 2305 731 2313 .
755 2264 837 2315 belia
858 2290 966 2323 ρον-ονε
988 2271 1160 2323 qermdaq.
1183 2280 1295 2314 liberis
1315 2280 1446 2314 tradere
1465 2291 1519 2323 ep.

287 2341 339 2382 95,
368 2341 420 2373 31.
562 2339 620 2381 qui
645 2340 784 2373 virtutes
820 2337 963 2372 alicuius
984 2348 1087 2381 pares
1115 2339 1185 2371 suis
1212 2341 1302 2372 amat
1328 2338 1520 2381 amandaeq.

285 2398 425 2432 invicem
441 2400 596 2440 praestat
618 2408 668 2439 ep.
696 2398 767 2439 109,
792 2398 841 2430 10.
960 2396 1131 2430 Romanus
1152 2406 1256 2431 amno
1276 2397 1385 2440 Μαρία
1404 2406 1439 2431 se
1458 2397 1522 2431 cir-

283 2456 456 2497 cumspicit
477 2458 507 2489 et
527 2455 680 2488 aestimat
697 2455 864 2497 praebetq.
888 2455 1202 2496 aestimandum‘ep.
1224 2456 1278 2497 40,
1302 2450 1351 2488 11}
1436 2464 1517 2497 qau-

284 2514 396 2548 demus
414 2514 528 2556 siquid
547 2513 731 2547 invasimus
751 2512 966 2554 invadendiq.
988 2513 1074 2547 altos
1094 2512 1156 2555 (sio
1177 2512 1345 2555 Hauptius
1365 2523 1430 2555 pro
1450 2513 1516 2547 ali-
