1735 2760
877 135 918 183 4.

354 260 437 301 Iam
475 262 524 301 ad
563 260 732 310 singulos
770 260 871 300 locos
902 241 1121 301 indicandos
1145 264 1395 302 transeamus
1448 262 1548 301 Ante

234 326 452 374 gutturales
484 325 602 364 habes
638 339 680 365 ac
705 336 741 364 n.
771 336 806 373 q.
821 324 873 363 VI
901 326 933 372 7,
949 326 973 363 3
998 330 1122 365 leniter
1146 339 1188 365 ac
1210 331 1323 374 quiete
1344 330 1480 375 fluunt,
1508 328 1547 365 et

234 402 269 431 n.
298 402 333 440 q.
360 391 378 430 I
405 402 462 440 pr.
492 391 538 429 11
565 394 598 429 si
624 390 692 439 (sc.
720 389 884 440 animus)
910 394 1093 438 expeditus
1123 394 1276 441 leviaque
1300 404 1343 431 ac
1367 396 1548 431 emamus

236 462 372 509 modico
400 461 552 496 micuit.
604 455 778 495 Alterum
801 456 1013 504 particulae
1038 470 1081 495 ac
1105 460 1194 496 ante
1221 471 1240 496 c
1255 457 1403 505 positae
1421 467 1547 496 exem·

233 522 339 573 plum
366 521 488 562 fertur
514 520 665 571 quidem
691 521 730 560 in
757 520 995 569 editionibus,
1023 519 1220 562 ferendum
1237 524 1367 562 tamen
1384 532 1460 563 non
1477 524 1547 572 est,

234 598 320 627 cum
353 587 487 627 codicis
519 587 751 635 auctoritate>
783 597 859 625 non
890 587 1105 635 adiuvetur,
1132 587 1181 627 di.
1195 587 1287 626 VIII
1312 588 1348 637 3,
1364 588 1384 626 1
1410 581 1548 627 utinam

233 657 373 702 quidem
397 657 469 692 iam
485 657 688 692 tenerentur
710 656 826 691 omnia
851 657 884 691 et
899 654 1546 699 inopertaacconfessaveritasesset.

236 719 294 756 Ea
340 728 439 765 quae
481 717 715 766 praecedunt
758 717 930 756 sordibus
967 720 1231 764 purgaverunt
1255 715 1469 766 Madvigius
1507 719 1548 757 et

236 781 432 829 Gertzius,
471 782 509 820 in
548 780 605 820 his
645 771 931 830 adquieverunt.
991 779 1066 820 Sed
1105 780 1332 820 adiectivum
1365 785 1547 828 §ruopertus

233 857 420 894 nusquam
458 849 603 894 exstat,
643 846 887 895 quamobrem
927 856 1002 884 non
1039 845 1171 886 dubito
1209 846 1374 886 scribere
1410 850 1547 886 minam

234 915 376 959 quidem
400 916 440 951 in
464 917 587 959 aperto
612 910 771 961 confessa
795 914 927 949 veritas
953 916 1050 950 esset.
1067 911 1094 959 ¹)
1493 960 1496 963 ἱ

350 978 431 1016 Iam
467 977 500 1016 si
525 976 697 1015 Fickerto
724 976 929 1024 credimus,
964 975 1143 1016 Senecam
1185 990 1227 1015 ac
1259 979 1349 1016 ante
1373 976 1542 1017 vocalem

231 1044 424 1094 scripsisse
450 1045 616 1082 testatur
640 1054 677 1082 n.
704 1053 740 1092 q.
755 1043 793 1082 ΙΙ
810 1043 872 1090 31,
903 1043 922 1081 1
953 1042 1017 1082 ubi
1043 1041 1269 1083 describitur
1283 1043 1457 1093 potentia
1473 1042 1546 1082 ful-

233 1108 363 1156 minis,
412 1119 489 1157 qua
536 1111 659 1147 loculis
703 1112 853 1156 integris
884 1122 927 1148 ac
963 1111 1110 1147 inlaesis
1142 1111 1315 1154 conflatur
1350 1096 1559 1157 arymtum.'

232 1174 337 1213 Nihil
374 1174 435 1212 hic
465 1173 630 1212 mutavit
665 1172 862 1212 Fickertus
883 1172 1083 1222 vprobante
1110 1172 1155 1213 H.
1182 1170 1223 1212 C.
1249 1171 1444 1221 Michaeii,
1481 1173 1543 1221 qui

233 1239 272 1278 in
298 1238 434 1278 Philol.
458 1239 537 1287 vol.
564 1238 657 1277 VIII
683 1249 720 1287 p.
747 1238 822 1277 457
851 1237 1035 1294 Haasium
1062 1239 1259 1288 increpans
1276 1236 1390 1277 verba
1417 1239 1544 1277 tenen·

229 1304 279 1343 da
317 1296 427 1350 dicit,
466 1303 606 1353 quippe
644 1313 744 1351 quae
782 1291 932 1342 diversa
972 1301 1185 1352 significent
1225 1306 1265 1342 et
1289 1302 1365 1342 vim
1400 1302 1547 1343 dicendi

229 1370 406 1417 augeant.
458 1367 537 1408 Nec
575 1367 833 1406 diversitatem
872 1379 942 1418 ego
977 1368 1131 1416 quidem
1158 1367 1264 1407 video
1289 1378 1358 1406 nec
1383 1378 1450 1407 cur
1474 1367 1547 1407 hoc

231 1434 311 1473 loco
338 1434 395 1473 vis
437 1433 583 1473 dicendi
619 1436 819 1482 augeatur.
871 1433 992 1472 Immo
1032 1442 1147 1481 quam
1186 1432 1282 1472 bene
1312 1430 1545 1482 superfluum

228 1498 301 1540 hoc
337 1498 482 1539 librarii
509 1489 810 1544 additamentum
837 1498 941 1537 uncis
965 1497 1156 1537 incluserit
1181 1497 1356 1547 Haasius‚
1383 1497 1545 1547 quisque

230 1565 428 1615 intelleget
453 1567 672 1614 comparato
697 1564 823 1613 capite
848 1564 910 1612 52,
936 1564 968 1611 1,
1002 1575 1086 1602 cum
1110 1574 1209 1613 quae
1237 1563 1289 1602 ibi
1315 1563 1419 1603 dicta
1443 1565 1544 1611 sunt,

228 1630 302 1669 huc
327 1629 532 1678 respiciant
558 1632 682 1667 loculis
707 1626 827 1675 itaque
850 1632 1010 1675 meyde,
1032 1633 1073 1666 ut
1098 1631 1186 1676 dixi,
1202 1632 1367 1676 pecunia,
1392 1642 1482 1676 quae
1507 1632 1546 1666 in

226 1698 283 1734 his
306 1697 383 1741 fuit
411 1697 563 1739 conflata
585 1697 773 1740 reperitur.

350 1757 507 1798 Accedit
532 1757 580 1797 di.
596 1756 667 1796 VII
678 1758 739 1805 22,
754 1758 777 1795 2
804 1757 868 1795 ubi
894 1757 987 1806 quid
1016 1757 1064 1797 de
1081 1757 1190 1797 bouis
1208 1758 1376 1798 externis
1393 1758 1544 1807 sapiens

226 1824 367 1864 iudicet
390 1823 595 1873 exponitur
621 1825 660 1861 et
683 1814 913 1862 inlustratur
938 1822 993 1859 ita
1018 1836 1089 1861 non
1113 1828 1304 1862 contem&
1324 1836 1361 1862 se
1387 1827 1542 1871 sapim,

224 1895 362 1930 etiamsi
391 1894 505 1936 fuerit
528 1893 694 1927 minimae
722 1894 898 1933 staturae,
937 1901 1011 1927 esse
1034 1894 1213 1945 tamense
1232 1902 1427 1944 procerum(
1441 1891 1542 1937 volet,

223 1961 255 1995 et
280 1959 384 1995 exilis
408 1967 554 2002 corpore
579 1967 620 1992 ac
643 1957 772 1992 amisso
799 1956 898 1991 oculo
921 1955 1071 1998 valebit,
1106 1956 1211 1992 malet
1234 1959 1350 1993 tamen
1375 1957 1445 1993 sibi
1469 1967 1543 1993 esse

224 2025 384 2069 corporis
413 2024 535 2060 robur.
588 2017 663 2058 Sed
700 2018 743 2057 ut
777 2018 952 2067 opposita
977 2020 1077 2058 inter
1101 2029 1144 2059 se
1168 2021 1258 2059 sunt
1283 2023 1448 2060 mm
1471 2024 1545 2059 sta-

348 2153 374 2195 ¹)
397 2152 488 2194 Quae
510 2151 555 2185 di.
579 2151 642 2185 VII
666 2152 717 2191 13,
740 2152 760 2183 2
782 2152 818 2184 in
840 2151 953 2185 codice
974 2151 1004 2184 A
1027 2152 1076 2185 ita
1095 2152 1288 2186 scribuntur
1310 2152 1459 2196 indulget
1476 2153 1544 2187 mis

226 2221 294 2244 non
315 2211 429 2245 timide
449 2221 507 2244 nec
528 2211 664 2244 obscure
684 2210 880 2243 luxuriatur
903 2210 1002 2243 etiam
1023 2210 1099 2244 inde
1115 2214 1228 2253 aperto
1247 2212 1367 2257 eapite,
1397 2203 1544 2245 hune'in

232 2268 367 2301 modum
399 2268 575 2302 scribenda
604 2270 638 2301 et
667 2268 937 2310 inter-pungenda
963 2269 1093 2301 censuit
1119 2267 1322 2312 Madvigius:
1344 2270 1544 2312 ἰωνίσκον,

223 2327 280 2361 sed
302 2327 453 2368 imperto
475 2326 594 2368 capite,
615 2326 838 2368 compositum
861 2326 1039 2368 inoperta,
1063 2326 1155 2370 quod
1173 2326 1239 2360 iam
1251 2329 1384 2361 veteres
1396 2326 1545 2360 editores

223 2384 452 2427 seripserunt,
484 2383 543 2416 illo
565 2383 693 2426 dialogi
714 2383 826 2417 octavi
845 2383 919 2416 loco
942 2383 1079 2417 defendi
1099 2386 1206 2425 ratus,
1227 2384 1315 2416 male
1337 2387 1377 2416 ut
1397 2383 1544 2417 videtur.

221 2442 342 2476 Melius
363 2442 417 2476 vel
449 2442 562 2484 potius
595 2451 712 2475 verum
745 2442 873 2483 iudico,
906 2434 997 2484 quod
1018 2442 1174 2475 Ger-ttius
1196 2441 1374 2475 consulens
1395 2441 1544 2476 tradit-e

224 2502 416 2543 scripturae
449 2500 627 2542 proposuit
659 2500 716 2532 sed
741 2501 811 2533 iam
832 2500 909 2533 inae
929 2503 1042 2541 aperto
1063 2501 1181 2542 eapite.
1225 2500 1266 2533 ef.
1290 2500 1403 2533 studia
1423 2500 1544 2533 critica

220 2560 291 2593 eius
311 2560 347 2592 in
374 2560 411 2593 L.
440 2559 568 2592 Annaei
590 2558 733 2592 Senecae
756 2558 907 2601 dialogos
929 2569 962 2601 p.
987 2559 1057 2592 128.
