1735 2760
832 99 878 141 21

207 216 323 256 verba
349 217 469 256 latina
493 222 534 256 et
559 220 736 256 accurate
752 217 1007 265 interpretari,
1034 217 1066 256 si
1087 217 1176 266 quid
1201 231 1225 256 a
1240 218 1349 258 solito
1374 217 1518 256 dicendi

207 292 313 321 more
335 276 512 322 recedere
538 282 722 322 videatur.
780 281 841 321 Sic
871 282 910 321 in
936 281 1109 331 exemplo
1136 282 1236 331 quod
1262 278 1446 330 elegimus
1472 292 1516 320 eo

205 351 353 396 spectat
377 350 571 396 parataxis
590 349 912 388 substantivorum
938 354 1067 395 patera
1094 352 1133 387 et
1158 363 1295 395 aurum,
1324 352 1368 387 ut
1395 347 1516 395 magis

204 412 445 461 praedicetur
479 413 630 452 lautitia
660 423 847 453 vasorum.
911 413 1117 461 Relegetur
1151 413 1269 461 igitur
1310 412 1436 460 potius
1468 423 1516 450 ex

205 478 354 518 artibus
379 467 637 526 grammaticis
659 489 796 518 nomen
836 478 931 517 illud
955 478 1075 517 errori
1101 478 1304 517 obnoxium
1330 482 1370 518 et
1393 478 1431 516 in
1457 489 1514 517 er-

205 552 329 581 rorem
350 543 568 591 detrudens,
599 544 694 582 satis
726 543 911 582 habeatur
936 553 1117 591 cognosse
1153 544 1268 582 talem
1294 554 1408 592 saepe
1432 553 1514 582 esse

203 608 362 648 duorum
402 607 722 648 substantivorum
756 602 954 656 rationem,
990 612 1035 648 ut
1063 608 1183 648 altero
1217 609 1407 649 indicetur
1442 618 1513 655 res,

203 674 326 712 altero
351 674 563 712 accuratius
593 674 839 713 describatur.
899 674 1039 712 Totum
1071 678 1200 712 autem
1229 674 1300 713 hoc
1335 674 1514 713 elocutio-

202 741 296 778 num
316 749 437 789 genus
461 750 547 779 cum
574 739 734 777 orationi
761 738 864 778 haud
886 749 973 778 raro
999 739 1228 787 gravitatem
1256 738 1447 787 quandam
1475 740 1515 776 et

203 805 457 844 severitatem
480 804 645 852 adferat,
678 804 854 851 frequens
890 808 950 843 est
991 805 1031 842 in
1069 804 1189 843 Taciti
1221 805 1339 851 libris,
1373 804 1515 844 Seneca

202 879 302 914 vero,
334 871 379 907 ut
411 869 475 915 qui
506 867 631 906 minus
663 868 792 906 faveat
826 868 987 907 sermoni
1023 869 1219 906 recondito
1244 871 1283 906 et
1307 868 1513 917 elaborato,

174 960 177 963 >
203 934 241 971 in
265 933 490 972 universum
516 933 636 981 parcit
661 932 750 972 huic
779 943 803 970 a
827 932 983 990 simplici
1010 933 1097 971 stilo
1125 932 1361 971 dissentienti
1386 933 1513 981 generi

201 997 413 1045 eloquendi.
474 998 549 1036 Eos
582 1001 711 1036 tamen
745 997 847 1036 locos
878 1007 973 1045 quos
1008 998 1131 1036 inveni
1169 997 1244 1036 huc
1281 997 1515 1046 pertinentes

202 1062 341 1111 quique
363 1054 569 1111 partieulas
586 1074 652 1110 que
675 1066 831 1110 etatque
852 1062 1040 1109 exhibent,
1067 1063 1104 1100 in
1118 1062 1283 1100 medium
1299 1063 1508 1111 proferam:

286 1137 369 1168 quae
390 1127 426 1159 in
446 1137 510 1159 usu
530 1131 607 1159 sunt
630 1131 660 1160 et
682 1137 816 1160 manum
835 1127 956 1160 cotidie
975 1131 1130 1169 taetumq.
1149 1128 1332 1168 patiuntur
1352 1127 1383 1158 d.
1409 1127 1444 1158 b.
1465 1126 1513 1158 111

287 1185 319 1222 2,
340 1184 371 1218 8.
414 1185 556 1217 luctator
580 1185 636 1225 qm·
657 1194 764 1217 onem
790 1194 937 1221 numeros
958 1194 1096 1225 nemusq,
1121 1185 1301 1226 perdidicit
1332 1184 1363 1216 d.
1389 1185 1421 1216 b.
1451 1184 1513 1216 Vn

291 1243 320 1281 1,
342 1242 372 1273 4.
424 1233 426 1235 ’
491 1240 621 1282 effectus
642 1241 794 1283 damma.
818 1241 863 1274 di.
884 1241 1016 1282 1112,1.
1060 1242 1227 1274 verborum
1244 1240 1513 1282 maledictor-amq.

286 1299 540 1346 ameritudinem
560 1298 605 1330 di.
628 1298 674 1330 111
697 1300 728 1340 4,
750 1300 780 1331 3.
835 1299 1009 1346 impatiens
1035 1299 1167 1341 imperii
1196 1299 1365 1340 rationi-sq.
1398 1298 1442 1330 di.
1465 1298 1514 1329 111

290 1357 339 1393 10,
360 1357 390 1388 4.
435 1356 521 1389 ictus
543 1356 699 1398 doloresq.
728 1356 908 1397 patiantur
935 1356 979 1388 di.
1003 1356 1047 1389 lV
1071 1357 1121 1394 14,
1144 1356 1173 1388 2.
1232 1356 1267 1388 in
1289 1356 1419 1398 [νέφος-α
1442 1365 1510 1398 sep·

281 1411 510 1455 tentrionemq:
526 1414 732 1455 vementibus
754 1413 799 1446 di.
812 1413 857 1446 1v
870 1415 921 1454 15,
944 1415 973 1446 5.
997 1405 1136 1446 exwitu
1147 1414 1249 1455 ἠως.
1270 1413 1315 1447 di.
1337 1413 1384 1446 1v
1405 1413 1458 1454 22,
1482 1415 1511 1445 4.

282 1480 342 1513 per
357 1479 498 1512 poenam
520 1471 731 1512 cruciatum.
755 1471 801 1503 di.
822 1471 867 1503 VI
891 1471 942 1511 18,
963 1474 993 1505 8.
1052 1475 1089 1504 ut
1111 1481 1233 1513 may-na
1253 1471 1336 1504 bella
1356 1471 1515 1513 adspectu

285 1527 482 1569 adparaiuq.
508 1528 656 1560 vicerunt
686 1529 748 1568 (sie
783 1529 953 1570 adparatu
979 1539 1046 1560 non
1078 1532 1206 1569 paratu
1237 1528 1415 1570 legendum
1441 1538 1515 1561 esse

285 1584 396 1617 elucet
417 1595 435 1616 e
458 1585 635 1618 conatione
658 1585 866 1624 Chatelninii)
880 1596 931 1626 ep.
952 1586 1000 1621 14.
1012 1587 1042 1618 6.
1060 1585 1279 1627 periculorum
1298 1585 1514 1627 ,aladini-amq.

283 1645 484 1684 contemptus
504 1652 559 1683 ep.
581 1642 634 1683 95,
657 1644 727 1675 71..
749 1642 860 1682 fervor
880 1642 999 1684 iynieq-
1022 1653 1055 1674 n.
1078 1653 1109 1683 q.
1133 1642 1176 1673 111
1198 1643 1250 1683 28,
1272 1642 1301 1674 7.
1346 1645 1450 1674 artem
1470 1643 1514 1674 si-

280 1699 520 1748 mulationem.
539 1710 570 1731 n.
596 1710 626 1741 q.
649 1699 695 1731 IV
715 1710 766 1741 pr.
784 1700 832 1732 11.
877 1702 1005 1733 cur-§urm
1018 1699 1232 1742 violentia-mo.
1255 1710 1287 1732 n.
1310 1710 1341 1741 q.
1365 1699 1409 1732 1v
1433 1700 1463 1738 2,
1479 1701 1511 1732 8.

271 1760 408 1806 *natura
426 1750 559 1799 ‘uiarum
579 1757 804 1804 circulor-amq.
827 1768 858 1789 n.
882 1768 913 1798 q.
935 1757 997 1791 V11
1022 1760 1073 1799 25,
1097 1759 1126 1789 7.

317 1829 399 1875 Hie,
425 1833 785 1883 uticensentaneurn
814 1834 885 1879 est,
911 1840 992 1869 rem
1020 1840 1119 1878 quae
1145 1829 1357 1878 explicatur
1383 1830 1507 1877 sequi-

199 1899 265 1934 tur
279 1892 335 1943 'ea
360 1905 460 1942 quae
480 1895 667 1946 explicam
692 1906 823 1933 rursus
848 1895 1039 1933 notionem
1057 1896 1180 1933 minus
1206 1896 1284 1933 late
1311 1898 1505 1943 patentem

199 1959 340 2013 excipit
369 1959 531 2014 amplior
551 1971 587 1999 n.
614 1970 649 2007 q.
676 1960 733 1998 111
757 1961 817 2008 26,
845 1961 868 1999 8
902 1965 1100 2008 tempestate
1123 1964 1263 2007 tluctuq.
1291 1970 1348 2008 ep.
1374 1959 1434 2007 91,
1463 1960 1508 1998 12

197 2029 378 2076 ventorum
398 2029 453 2063 vis
477 2028 650 2076 flatusque
677 2039 745 2071 per
771 2029 868 2063 elusa
892 2028 1035 2064 violenti
1059 2026 1132 2071 (sio
1158 2024 1247 2063 olim
1275 2024 1506 2064 Biichelerus

173 2116 175 2121 .
198 2088 237 2128 in
254 2088 455 2144 seminario
467 2091 597 2131 nostro
623 2100 690 2138 pro
703 2094 845 2129 interna
862 2091 923 2135 vis}
936 2093 1112 2138 flatusque
1130 2093 1319 2136 praeclusa
1339 2090 1509 2138 ementi).

318 2168 442 2207 Huius
468 2169 615 2216 generis
632 2168 807 2216 exempla
832 2169 870 2206 in
896 2168 1032 2216 quibus
1051 2168 1208 2208 alterius
1224 2169 1324 2207 vocis
1349 2169 1510 2208 adiectio

198 2231 243 2271 fit
265 2242 338 2280 per
362 2238 467 2281 atque
493 2233 587 2273 haec
611 2232 770 2272 habeas:

283 2297 475 2340 indomitum
494 2298 624 2336 nivibus
646 2301 744 2338 atque
764 2298 904 2339 Alpibus
925 2298 1031 2331 virum
1057 2308 1109 2339 ep.
1132 2300 1185 2339 51,
1208 2298 1238 2330 5.
1299 2299 1512 2339 exspectatio-

284 2355 778 2403 nemmortisaemetumep.
808 2355 860 2396 78,
890 2357 920 2389 4.
974 2354 1340 2388 vocesacminasdi.
1371 2355 1512 2396 V4‚.3

284 2423 325 2460 em
346 2413 526 2447 Macedone
546 2423 586 2447 ae
606 2413 706 2453 libero
728 2413 775 2446 di.
795 2413 825 2446 V
849 2415 952 2459 17,1.
995 2414 1033 2446 in
1054 2414 1168 2447 bruma
1191 2424 1231 2447 ac
1250 2414 1372 2456 friyore
1393 2414 1437 2446 di.
1450 2413 1511 2445 VII
1583 2415 1586 2419 '

284 2455 336 2515 22,
366 2471 396 2502 3.
441 2480 574 2535 empers
577 2479 691 2516 sensus
717 2480 757 2504 ac
790 2471 949 2504 sanitatis
976 2470 1021 2502 di.
1052 2471 1099 2503 XI
1130 2473 1179 2511 15,
1205 2473 1235 2503 2.
1283 2471 1510 2504 conitar-ottone

282 2536 322 2561 ac
342 2528 503 2570 sanquine
524 2528 556 2560 d.
569 2516 612 2560 b.
631 2527 648 2560 1
670 2517 719 2571 11,
735 2529 765 2560 4.
789 2520 931 2561 studiis
951 2526 1120 2561 aclitteris
1143 2528 1269 2561 d.b.1
1294 2530 1344 2570 11,
1359 2529 1389 2562 6.
1432 2538 1509 2562 con·
