1735 2760
830 136 879 175 16

313 253 452 293 Rarius
473 253 636 293 occurrit
659 266 737 303 que,
763 251 864 301 quod
888 251 1046 300 mireris,
1076 251 1114 291 in
1147 250 1301 292 vocibus
1324 254 1439 300 mu
1471 252 1512 290 et

194 322 289 366 aaa
318 317 546 369 copulantur
569 318 640 357 hoc
672 317 782 357 modo
810 328 868 368 ep.
900 318 1025 365 4,1o.
1061 315 1109 369 oi.
1137 316 1197 355 1v=
1219 316 1280 365 19,
1294 316 1348 365 -53
1374 318 1511 365 seper
1551 307 1558 312 ’

195 386 302 424 etdi.
326 384 420 434 v9,
448 386 473 424 4
511 391 570 432 ep.
607 385 666 431 14,
700 384 830 433 6quo
858 385 1050 432 postremo
1084 381 1168 423 loco
1199 381 1314 423 verba
1353 385 1511 422 etaim

194 460 324 490 errore
348 450 387 489 in
416 448 645 490 editionibus
679 448 843 488 Fickerti
872 451 912 487 et
939 447 1070 487 Haasii
1097 446 1239 487 omissa
1275 458 1297 487 e
1321 429 1511 488 codicibus

195 527 221 565 p
245 492 289 554 εἶ
310 516 340 554 Ρ
368 514 604 555 restituenda
630 525 714 554 esse
748 518 877 553 monet
902 512 1101 553 Chatelain
1122 513 1162 552 in
1192 506 1403 553 Annalibus
1424 510 1510 561 qui·

196 580 266 619 bus
301 579 518 619 inscribitur
551 578 681 617 Revue
715 578 763 617 de
795 577 1007 627 Philologie
1049 577 1146 618 1877
1181 572 1237 647 p
1252 578 1343 624 105,
1374 588 1444 627 per
1467 590 1511 617 ae

196 643 658 693 di.13,2.di.,1X11
686 643 742 683 10.
770 642 1069 692 di.,.xl1102

316 711 443 759 Atque
485 708 580 749 adeo
614 708 761 748 nullum
794 708 1008 758 exemplum
1042 721 1109 757 que
1142 708 1352 758 particulae
1385 708 1511 748 iuveni

197 777 235 815 in
262 776 532 825 compositione
557 774 758 815 verborum
785 778 924 821 ferrum
948 777 988 814 et
1012 778 1123 824 ι’ρηὼς
1149 785 1237 814 nam
1255 777 1407 822 fen-oet
1430 778 1512 824 ique

196 842 337 891 legitur
361 852 420 890 ep.
456 840 491 891 7,
515 841 613 879 4.-ῐι.
642 850 677 888 q.
707 840 726 879 I
751 851 808 888 pr.
833 841 868 879 8.
897 839 945 879 di.
960 840 979 879 Ι
1005 841 1041 889 3,
1068 841 1102 880 2.
1127 845 1152 880 i.
1179 854 1221 879 ac
1243 844 1273 886 f.
1292 840 1341 880 di.
1351 840 1391 880 11
1412 841 1449 889 2,
1474 841 1509 879 2.

197 907 303 946 Licet
337 907 396 946 his
432 905 631 955 postremis
666 905 850 955 exemplis
884 904 997 954 plura
1026 904 1151 945 adhuc
1184 904 1378 945 addantur
1412 915 1511 955 quae

197 978 303 1020 atque
326 972 554 1021 particulam
580 971 793 1018 ostendant,
822 970 910 1009 nihil
941 974 1068 1010 tamen
1095 982 1142 1010 ea
1165 981 1209 1009 re
1234 970 1440 1020 derogatur
1464 970 1512 1010 de

197 1038 359 1077 veritate
409 1037 564 1086 regulae
612 1047 730 1085 supra
766 1038 1009 1075 memoratae.
1072 1035 1174 1075 Nihil
1216 1046 1306 1084 ergo
1333 1032 1514 1087 officiunt

199 1103 270 1141 loci
296 1101 354 1141 hi:

284 1170 619 1209 spesaometusep.
642 1166 692 1207 13,
718 1166 767 1198 13.
790 1176 841 1207 ep.
866 1166 937 1207 110,
962 1166 993 1199 4.
1015 1166 1047 1198 d.
1068 1167 1099 1199 b.
1122 1165 1232 1208 lvu,
1254 1167 1284 1199 5.
1327 1143 1510 1199 deminutio

286 1228 383 1265 atque
405 1223 544 1257 adiectio
566 1234 617 1265 ep.
640 1224 693 1262 58,
716 1224 766 1257 22.
821 1227 937 1257 auctus
964 1233 1003 1257 ac
1030 1223 1257 1257 detrimentum
1278 1224 1323 1257 di.
1346 1223 1407 1258 vn
1428 1225 1460 1265 4,
1481 1222 1512 1257 3.

284 1281 484 1315 intensiones
504 1291 544 1314 ac
565 1280 770 1314 remissiones
792 1291 825 1313 n.
849 1291 880 1322 q.
903 1280 965 1313 VII
990 1281 1018 1322 1,
1039 1283 1070 1314 3.
1119 1281 1266 1314 avaritia
1292 1285 1391 1324 atque
1417 1282 1513 1315 lumc-

286 1340 342 1373 ria
369 1350 420 1381 ep.
449 1340 500 1378 90,
529 1340 581 1372 36.
636 1338 803 1372 comoedia
831 1349 870 1372 ac
897 1338 1069 1382 tragoedia
1097 1350 1148 1382 ep
1174 1340 1206 1380 8,
1232 1341 1261 1372 8.
1317 1339 1454 1373 comalio
1476 1348 1515 1372 ac

283 1407 386 1430 manu
407 1397 438 1429 d.
462 1398 495 1430 b.
519 1397 568 1429 111
589 1397 642 1438 29,
665 1399 695 1430 7.
739 1398 851 1430 animo
873 1397 972 1430 simul
991 1406 1031 1431 ac
1050 1406 1153 1430 mana
1170 1397 1215 1430 di.
1238 1397 1309 1438 V3,
1332 1399 1361 1430 3.
1405 1397 1514 1431 vir-tue

283 1465 324 1488 ac
344 1454 463 1487 vitium
483 1465 535 1496 ep.
558 1455 609 1495 95,
635 1455 686 1487 65.
727 1455 867 1496 privata
888 1464 929 1487 ae
940 1454 1075 1495 publiea
1097 1454 1143 1486 di.
1167 1455 1182 1487 1
1205 1456 1236 1496 5,
1257 1456 1288 1487 7.
1329 1454 1453 1495 falsum
1474 1464 1514 1487 ac

282 1521 394 1544 veram
415 1511 451 1544 di
471 1511 487 1543 1
508 1513 537 1543 4.
562 1512 611 1544 10.
654 1512 755 1544 acaia
776 1515 874 1553 atque
895 1512 1032 1545 inutilia
1053 1517 1101 1553 ep.
1127 1513 1179 1549 90.
1204 1513 1233 1545 5.
1290 1512 1393 1554 diqna
1415 1515 1513 1561 atqae

282 1568 425 1615 indiqu-a
443 1568 490 1601 di.
513 1568 558 1602 V1
583 1569 633 1610 10,
655 1570 685 1602 6.
949 1615 952 1619 ἱ

325 1626 493 1665 Alterius
529 1627 677 1675 generis
711 1625 812 1675 quod
845 1629 904 1666 est
932 1627 1125 1667 nominum
1151 1622 1200 1666 ex
1229 1628 1377 1668 unitate
1399 1628 1513 1678 signi·

198 1690 383 1731 ficationis
409 1691 480 1731 sibi
509 1689 701 1738 adfinium,
738 1702 811 1729 non
838 1692 929 1731 item
956 1692 1069 1740 plena
1102 1703 1219 1732 manu
1246 1692 1418 1742 exempla
1444 1703 1513 1732 nos

198 1755 387 1796 effusuros
423 1767 506 1796 ease
537 1756 714 1796 diximus,
779 1756 906 1795 Pauca
940 1760 1069 1796 tamen
1099 1758 1226 1805 quoad
1251 1757 1440 1799 sufficiant
1465 1758 1514 1797 ad

199 1821 478 1862 inlustrandam
491 1821 679 1861 rationem
705 1822 804 1861 inter
829 1835 897 1870 que
920 1824 960 1861 et
971 1828 1076 1871 atque
1089 1823 1396 1871 intercedentem,
1423 1834 1516 1873 pace

197 1889 268 1926 tua
292 1887 573 1936 deprompsero.
626 1886 683 1924 De
720 1889 802 1925 toto
836 1887 987 1935 quidem
1017 1898 1155 1936 genere
1185 1889 1217 1927 ai
1249 1888 1381 1941 dixero
1412 1894 1517 1937 atque

201 1952 289 2000 plus
314 1951 456 2000 duplici
473 1959 633 1991 numero
650 1951 823 2000 superari
850 1962 874 1990 a
900 1965 967 2000 que
990 1952 1189 2002 particula,
1218 1964 1241 1992 a
1257 1963 1348 1992 vero
1374 1963 1435 1993 me
1458 1963 1515 1999 re„-

200 2017 358 2056 cessisse
386 2026 462 2055 non
485 2019 590 2065 puto.
641 2015 715 2055 Sed
739 2020 883 2064 quanto
908 2017 1030 2056 maior
1054 2018 1107 2057 sit
1132 2017 1246 2057 huius
1272 2029 1387 2066 quam
1413 2018 1515 2057 illius

198 2081 358 2132 copulae
383 2092 475 2122 usus
500 2081 647 2132 aliquot
668 2081 843 2132 exempla
871 2081 1080 2129 ostendent.

327 2146 386 2185 Ad
414 2146 671 2196 componenda
689 2146 805 2186 verba
828 2161 916 2186 umes
941 2150 981 2187 et
1000 2142 1154 2198 fruente,
1180 2159 1280 2197 quae
1292 2149 1515 2198 plerumque

200 2205 419 2257 ἀσυνδέτως
456 2214 660 2261 ponuntur,
698 2225 765 2260 que
802 2211 975 2251 adhibuit
1013 2211 1156 2252 Seneca
1193 2212 1418 2262 quinquiens
1457 2224 1515 2266 ep.

203 2276 263 2324 14,
290 2277 348 2315 17.
376 2288 432 2325 ep.
465 2276 525 2325 73,
555 2277 589 2314 9.
623 2287 681 2325 ep.
718 2277 780 2324 98,
815 2277 871 2315 11.
905 2277 954 2316 di.
982 2277 1032 2316 VI
1067 2278 1124 2325 10,
1160 2279 1195 2316 2.
1228 2278 1278 2318 di.
1303 2278 1359 2318 XI
1387 2280 1445 2327 10,
1472 2281 1515 2328 63

200 2353 270 2382 nec
293 2342 403 2390 alius,
429 2342 467 2381 ni
490 2342 612 2390 fallor,
649 2342 688 2382 in
718 2341 777 2381 his
801 2341 929 2382 verbis
955 2342 1226 2392 coniungendis
1258 2343 1393 2385 modus
1416 2344 1518 2394 apud

200 2406 383 2447 Senecam
410 2408 610 2447 invenitur.
668 2408 771 2446 Idem
800 2406 855 2454 fit,
892 2408 993 2455 quod
1025 2419 1100 2446 non
1124 2408 1181 2447 ita
1206 2409 1366 2458 mireris,
1391 2410 1430 2449 in
1457 2421 1515 2449 se-

199 2472 405 2522 quentibus
429 2472 633 2522 exemplis:
832 2482 840 2506 s

287 2538 458 2580 principes
476 2548 596 2579 reyeaq.
618 2538 651 2570 d.
674 2539 714 2571 el.
740 2539 753 2569 1
775 2536 858 2578 4,f3.
881 2538 914 2571 d.
938 2539 979 2571 cl.
996 2539 1028 2571 11
1047 2540 1076 2578 l,
1089 2541 1119 2572 3.
1141 2539 1174 2572 d.
1192 2541 1234 2573 ol.
1257 2540 1289 2572 11
1314 2542 1345 2579 5,
1368 2543 1406 2573 2..
1441 2550 1520 2583 yen-
