1735 2760
875 108 923 151 52

240 225 302 268 ani
329 226 450 286 locus,
479 228 543 268 ubi
563 229 725 279 positum
754 233 813 270 est
838 235 1057 281 quandoque,
1074 230 1147 270 VII
1165 231 1200 279 8,
1226 231 1251 270 6
1275 245 1347 270 non
1371 233 1556 278 esoscrip-

241 299 337 332 tum.
353 323 363 332 .
379 323 387 331 .
420 300 460 332 ut
485 299 757 342 quandoque
782 302 891 342 rapta
916 302 1020 344 optet,
1047 305 1114 334 nec
1141 295 1356 335 laudandus
1381 298 1441 334 est
1465 295 1560 333 Hal-

241 358 340 397 mius
386 358 488 408 quod
529 358 647 398 Badio
686 363 842 401 auctore
880 365 1087 409 quandoque
1125 360 1289 399 mutavit
1328 360 1365 399 in
1403 363 1558 409 quando-

240 437 385 470 cunque.

360 473 492 536 Quan?
516 489 682 529 nondum
711 488 909 537 attigimus
937 487 1145 538 particulae
1179 493 1282 537 atque
1307 487 1383 527 vim
1410 497 1558 538 compa-

238 555 414 601 rativam,
442 566 556 602 quam
588 555 711 592 induit
734 556 942 601 composita
969 565 1053 592 cum
1080 553 1295 592 notionibus
1321 567 1429 601 aeque
1453 557 1558 592 aliter

235 623 375 665 pariter
401 634 475 666 par
509 623 602 658 alius
630 623 743 664 idem,
783 628 881 656 nunc
916 617 1199 666 subiungamus.
1250 616 1378 666 Atque
1403 619 1559 668 praeter

238 694 379 731 paucos
402 684 505 723 locos
533 683 598 722 ubi
624 688 718 722 idem
739 685 779 722 et
792 689 907 736 >atque
934 684 1199 730 conectuntur,
1231 682 1347 722 nullis
1373 682 1559 731 exemplis

236 748 453 787 Annaeanis
480 748 716 796 comprobari
745 747 844 786 hunc
870 757 979 786 usum
1006 758 1076 786 nec
1102 747 1221 785 ullum
1258 747 1417 786 inveniri
1434 747 1557 786 locum

236 812 299 851 ubi
337 813 559 852 adverbium
597 827 706 860 aeque
746 815 929 860 sequatur
966 817 1070 860 atque
1106 812 1296 861 particula
1335 804 1558 861 semperque

236 891 341 925 quam
365 878 531 927 positum
558 889 652 925 esse,
690 877 993 927 Rauschningius
1016 877 1106 917 dicit
1130 877 1169 917 in
1194 876 1462 918 dissertatione
1486 888 1555 917 sua

235 942 281 981 de
306 942 498 981 latinitate
525 943 689 983 Senecae
716 956 752 993 p.
779 945 839 982 53.
895 944 1048 982 Erravit
1073 946 1204 982 tamen
1229 954 1315 982 cum
1338 947 1419 982 tam
1449 954 1556 983 seve-

236 1019 302 1047 rae
326 1010 484 1058 regulae
510 1010 713 1050 adstrinxit
739 1009 932 1050 Senecam.

355 1088 488 1122 aeque
513 1089 561 1114 ac
587 1086 678 1124 ergo
705 1075 868 1123 positum
895 1078 954 1114 est
978 1074 1029 1114 di.
1043 1075 1118 1113 XII
1146 1075 1205 1123 13,
1231 1076 1254 1113 8
1282 1089 1472 1114 sacrarum
1490 1088 1555 1114 ru-

287 1144 369 1178 inae
382 1169 390 1178 .
408 1169 416 1179 .
431 1169 439 1178 .
455 1169 478 1186 .,
504 1155 593 1188 quas
617 1145 773 1189 reliqiosi
798 1155 934 1189 aeque
959 1154 1008 1179 ac
1034 1146 1166 1179 stantes
1191 1144 1354 1179 adorant.

360 1205 568 1244 Praeterea
594 1216 745 1253 quoquo
775 1206 884 1244 modo
911 1205 1081 1245 sananda
1107 1208 1220 1244 erunt
1244 1205 1359 1244 verba
1383 1210 1424 1244 ut
1450 1218 1565 1252 quae--

286 1282 352 1316 que
384 1282 425 1307 ac
446 1272 516 1307 sibi
540 1274 684 1317 quisque
708 1273 835 1316 fecisse
858 1283 896 1309 se
919 1276 1025 1317 neyat
1049 1281 1085 1308 n.
1110 1280 1145 1318 q.
1173 1269 1190 1308 Ι
1221 1270 1279 1316 16,
1307 1270 1343 1317 3,
1368 1269 1552 1318 recipien-

287 1332 378 1372 dum
404 1336 533 1372 tamen
560 1334 711 1374 videtur
737 1345 819 1374 esse
846 1345 867 1372 e
891 1334 1016 1374 codice
1044 1334 1075 1373 E
1101 1348 1209 1382 aeque
1234 1348 1285 1374 ac.
1421 1379 1427 1386 ,

360 1397 501 1437 Contra
529 1399 665 1446 quibus
691 1400 731 1437 in
761 1400 906 1438 maiore
935 1400 1058 1447 pretio
1084 1401 1144 1438 est
1170 1398 1285 1438 codex
1302 1397 1425 1437 Enon
1445 1398 1551 1437 dubi-

238 1462 377 1502 tabunt
403 1464 568 1503 scribere
596 1470 651 1503 est
676 1469 769 1503 enim
785 1468 841 1503 illi
856 1478 991 1512 aeque
1012 1478 1153 1503 sursum
1169 1468 1236 1502 iter
1254 1478 1378 1512 quam
1393 1467 1555 1502 deors-um

232 1539 268 1566 n.
296 1538 333 1576 q.
360 1528 399 1567 II
430 1529 490 1576 24,
520 1530 553 1567 1.
617 1529 691 1568 Sed
726 1533 933 1578 antequam
973 1529 1022 1568 ad
1048 1528 1231 1578 liquidum
1273 1528 1457 1578 perducta
1494 1531 1554 1568 est

231 1593 406 1642 quaestio
431 1594 582 1633 cuinam
609 1595 724 1634 codici
754 1595 790 1633 in
805 1606 841 1634 n.
869 1606 904 1644 q.
932 1595 1053 1633 maior
1080 1595 1132 1634 sit
1156 1594 1360 1633 tribuenda
1387 1594 1551 1633 auctori-

231 1660 312 1706 tas,
353 1669 428 1697 non
468 1660 620 1697 omnino
659 1659 796 1697 codicis
836 1659 867 1696 B
906 1652 1135 1707 scripturam
1168 1664 1272 1706 atque
1300 1658 1552 1706 respuendam

232 1721 340 1763 duco.

348 1790 496 1835 Aeque
520 1794 568 1827 ut
593 1791 652 1827 est
680 1788 717 1826 in
736 1788 1017 1837 corruptissimo
1035 1788 1116 1827 loco
1134 1799 1193 1838 ep.
1214 1789 1297 1836 104,
1326 1790 1384 1837 11,
1408 1789 1472 1828 ubi
1490 1800 1549 1827 co-

228 1851 320 1892 dicis
348 1852 377 1891 B
396 1853 508 1892 lectio
533 1853 632 1891 omni
663 1863 775 1892 sensu
801 1863 934 1892 carens
960 1856 1128 1901 quicquid
1151 1858 1184 1892 te
1196 1856 1343 1893 delectat
1356 1866 1462 1902 aeque
1472 1857 1551 1892 vide

228 1923 269 1956 ut
299 1921 438 1957 videres
471 1922 557 1958 dwm
584 1923 713 1958 vireret
737 1925 817 1958 uter
844 1919 944 1958 hunc
969 1920 1009 1958 in
1035 1919 1189 1958 modum
1216 1922 1385 1959 correcta
1410 1920 1552 1968 legitur

228 1983 331 2031 apud
358 1982 541 2023 Haasium
568 1987 735 2031 quiequid
760 1989 793 2022 te
816 1987 961 2023 delectat
987 1997 1094 2032 aeque
1119 1988 1199 2023 vide
1219 1989 1258 2023 ut
1272 1987 1379 2030 flores
1392 1987 1549 2023 virides.-

228 2052 312 2087 dum
336 2053 462 2097 aen'rent,
488 2054 597 2088 utere.
643 2047 717 2089 Sed
743 2050 868 2090 nescio
896 2061 945 2089 an
971 2049 1106 2089 melius
1134 2052 1304 2090 mutetur
1325 2049 1381 2088 ita
1405 2052 1485 2088 vide
1510 2054 1550 2087 ut

227 2117 326 2152 vides
347 2117 472 2159 flores:
498 2118 583 2153 dum
607 2119 723 2153 virent
745 2120 866 2153 uteris.
918 2114 1018 2153 Nam
1046 2115 1210 2163 primum
1227 2119 1327 2153 vides
1339 2118 1446 2160 flores
1463 2125 1546 2153 cum

228 2176 381 2219 facilius
409 2190 430 2218 e
456 2182 595 2219 videres
620 2180 743 2219 oritur
765 2190 879 2228 quam
896 2179 998 2230 quod
1011 2179 1177 2220 Haasius
1193 2179 1336 2228 posuit,
1362 2181 1443 2217 tum
1463 2189 1549 2218 sen-

227 2245 373 2283 tentiae
400 2244 554 2293 sufficit3
581 2245 715 2283 deinde
740 2249 853 2285 uteris
876 2245 1003 2294 aptius
1029 2245 1153 2285 iudico
1182 2255 1297 2293 quam
1321 2250 1431 2291 utere,
1457 2245 1547 2292 quia

225 2308 381 2350 floribus
415 2309 489 2350 illis
528 2310 847 2360 quemadmodum
886 2313 1020 2351 utatur
1051 2321 1124 2350 non
1152 2320 1303 2350 necesse
1329 2311 1415 2349 erat
1439 2320 1546 2359 prae-

225 2379 316 2428 cipi,
359 2379 584 2427 praesertim
629 2390 715 2418 cum
754 2379 918 2427 exempli
961 2379 1043 2418 loco
1080 2381 1281 2427 ponantur.
1348 2378 1547 2418 Postremo

223 2444 401 2493 graviore
427 2443 730 2494 interpunctione
753 2443 923 2483 adhibita
948 2444 1002 2483 ita
1022 2443 1262 2484 scribendum
1275 2443 1399 2483 iudico
1423 2447 1545 2483 utem.

223 2514 333 2549 alium
366 2514 438 2548 alio
471 2512 530 2548 die
559 2523 664 2549 casus
701 2515 866 2557 meutiet,
901 2514 964 2549 sed
1000 2521 1085 2548 cum
1110 2510 1227 2550 verba
1252 2514 1363 2549 alium
1386 2513 1459 2549 alio
1483 2514 1542 2549 die
