1735 2760
856 132 904 169 45

230 258 298 297 pro
324 254 356 287 te
381 248 531 296 scripsit
555 249 755 297 Hauptius,
782 253 844 287 hoc
870 252 996 287 tamen
1024 249 1119 287 utin
1137 252 1205 287 huc
1219 251 1387 288 mutetur
1404 260 1532 288 neces-

226 313 367 352 sarium
395 325 468 352 non
494 315 652 353 videtur.

339 402 479 427 sursum
503 403 545 428 ac
571 393 732 428 deorsum
758 399 816 436 ep.
838 389 899 435 96,
925 389 959 426 5.
1003 388 1088 426 di.I
1116 390 1152 436 5,
1179 389 1215 426 9.
1252 388 1302 426 di.
1324 389 1374 425 lX
1394 391 1452 436 11,
1474 391 1531 429 12.

275 465 312 492 n.
340 464 375 502 q.
402 454 455 492 VI
481 455 541 501 21,
568 456 602 493 2.

340 537 481 562 sursum
505 528 667 563 deorsum
692 535 749 571 ep.
773 525 832 571 44,
860 525 900 562 4.

337 593 432 628 ultro
457 593 611 637 citroque
637 600 694 637 ep.
721 589 779 635 72,
808 589 842 627 7.
879 600 916 627 n.
942 599 977 635 q.
1005 588 1058 626 IV
1072 590 1105 634 2,
1134 589 1194 626 29.
1236 600 1271 627 n.
1286 599 1322 636 q.
1337 589 1389 627 Vl
1419 591 1476 639 13,
1494 592 1528 628 6.

339 659 433 693 ultro
459 660 545 693 citro
572 654 607 692 d.
633 655 667 692 b.
697 654 728 691 V
755 655 812 701 11,
843 655 875 694 1.

338 729 490 776 Dictum
513 731 571 767 est
589 728 635 766 de
652 728 909 767 coniunctione
927 729 1087 767 duorum
1104 730 1377 779 adverbiorum,
1404 734 1530 770 trans-

218 794 435 843 grediamur
469 794 544 831 iam
581 793 628 831 ad
660 804 723 832 eos
757 795 860 833 locos
886 795 1107 833 tractandos
1134 795 1194 833 ubi
1224 806 1341 833 unum
1365 797 1530 834 occurrit

223 859 452 898 adverbium.

341 938 441 974 Adeo
474 935 592 984 igitur
622 946 708 974 cum
734 949 799 982 que
825 935 1072 983 compositum
1099 936 1300 974 identidem
1328 936 1527 983 reperitur.

218 1005 387 1050 Ideoque,
427 1002 527 1050 quod
567 1000 669 1049 apud
697 1000 969 1046 Quintilianum
1010 1000 1217 1048 legitimum
1258 1011 1340 1040 esse
1366 1001 1526 1047 videtur,

218 1067 358 1116 quippe
395 1067 432 1104 in
465 1067 569 1105 libris
593 1066 628 1103 X
655 1069 693 1103 et
718 1066 772 1104 XI
800 1067 847 1104 28
874 1067 965 1105 locis
989 1070 1147 1114 ideoque,
1178 1077 1365 1114 nusquam
1393 1073 1425 1106 et
1453 1071 1529 1105 ideo

219 1136 287 1172 aut
324 1139 427 1181 atque
461 1136 539 1171 ideo
579 1132 671 1181 legi,
710 1132 885 1180 frequens
920 1131 1070 1181 quidem
1110 1136 1169 1171 est
1201 1132 1302 1181 apud
1334 1132 1529 1180 Senecam,

218 1198 454 1245 frequentius
477 1201 604 1235 tamen
632 1203 664 1235 et
688 1201 778 1242 ideo,
806 1197 904 1243 quod
932 1197 1053 1244 ipsum
1073 1197 1233 1244 exempli
1250 1198 1373 1245 gratia
1388 1198 1425 1235 in
1439 1209 1476 1235 n.
1491 1209 1526 1245 q.

221 1264 267 1301 13
292 1263 396 1309 locis,
424 1267 556 1302 contra
581 1266 722 1310 ideoque
752 1263 772 1300 7
790 1261 879 1300 locis
899 1262 1028 1301 habes.
1067 1262 1149 1300 Non
1168 1263 1305 1312 legitur
1322 1269 1425 1310 atque
1439 1266 1526 1307 ideo,

217 1328 334 1367 semel
373 1331 521 1366 tantum
564 1333 667 1375 atque
708 1331 794 1365 adeo
821 1327 869 1365 di.
897 1326 951 1364 XI
980 1329 1014 1373 2,
1040 1328 1062 1364 2
1098 1334 1199 1374 atque
1224 1332 1310 1366 adeo
1334 1334 1410 1375 ipse
1436 1332 1526 1366 hanc

216 1397 310 1431 litem
334 1406 444 1431 meam
469 1396 609 1439 faciam,
639 1392 702 1430 ubi
728 1398 832 1439 atque
856 1402 930 1429 non
945 1392 1060 1430 verba
1088 1403 1170 1430 cum
1199 1392 1385 1439 prioribus
1412 1403 1522 1444 copu-

217 1456 289 1504 lat,
322 1457 387 1495 sed
414 1457 516 1495 vocis
543 1461 628 1495 adeo
656 1457 731 1494 vim
758 1459 883 1503 auget.
936 1457 1014 1495 Nec
1040 1458 1161 1504 magis
1189 1468 1271 1495 cum
1299 1463 1401 1503 atque
1425 1469 1522 1495 com-

215 1522 380 1571 positum
417 1521 583 1560 invenies
606 1535 726 1569 quam,
765 1521 824 1559 cui
864 1518 1042 1560 adverbio
1071 1535 1136 1569 que
1160 1521 1349 1560 adiectum
1380 1525 1438 1560 est
1466 1521 1523 1560 his

216 1587 307 1625 locis
334 1587 369 1625 d.
394 1587 427 1624 b.
454 1587 511 1625 III
536 1588 597 1634 38,
624 1588 656 1624 2.
682 1588 736 1624 ’(1.
764 1587 798 1625 b.
826 1586 858 1623 V
888 1587 944 1636 17,
972 1588 1004 1624 1.
1045 1588 1091 1625 di.
1114 1588 1145 1624 V
1165 1588 1197 1634 1,
1228 1588 1260 1624 1.
1302 1587 1348 1625 di.
1363 1587 1396 1625 V
1411 1589 1471 1636 30,
1488 1588 1521 1625 2.

217 1664 252 1692 n.
279 1663 313 1701 q.
338 1652 390 1691 IV
415 1645 471 1702 pr.
498 1653 557 1691 22.
598 1664 633 1690 ιι.
661 1663 697 1700 q.
723 1650 776 1690 VI
803 1652 862 1701 30,
889 1652 924 1691 4.

339 1727 627 1774 subsequantur
653 1738 698 1764 ea
725 1727 901 1766 adverbia
927 1737 1025 1773 quae
1051 1728 1203 1774 saepius
1228 1739 1313 1766 cum
1336 1740 1526 1776 compara-

215 1794 292 1844 tivp
318 1792 494 1832 adiectivi
521 1792 642 1841 gradu
669 1792 957 1840 coniunguntur.
1010 1791 1055 1829 In
1082 1802 1242 1839 quorum
1271 1803 1426 1831 numero
1450 1793 1524 1832 tria

214 1861 304 1898 sunt
341 1868 440 1906 quae
479 1861 634 1906 propter
657 1857 822 1895 vocalem
862 1860 929 1894 aut
964 1857 1195 1904 gutturalem
1229 1872 1269 1896 ac
1295 1859 1521 1905 particulam

216 1926 413 1971 respuunt,
441 1936 480 1961 eo
505 1922 648 1962 scilicet
674 1925 712 1960 et
736 1927 865 1968 quanto
891 1924 929 1959 et
943 1935 1021 1968 quo.
1075 1921 1242 1960 Eandem
1265 1926 1392 1960 tamen
1410 1934 1524 1961 excu-

215 1989 399 2029 sationem
439 1998 513 2026 non
550 1987 756 2026 admittunt
794 1990 901 2025 multo
941 1988 980 2024 et
1018 1992 1125 2024 tanto.
1179 1987 1314 2034 Itaque
1339 1987 1371 2025 si
1397 1988 1435 2025 in
1463 1987 1522 2026 his

215 2065 364 2103 quoque
391 2053 576 2092 adverbiis
602 2064 671 2091 nec
697 2066 738 2091 ac
764 2063 831 2090 nec
856 2057 959 2099 atque
977 2052 1174 2099 invenitur,
1203 2052 1267 2090 sed
1285 2063 1434 2102 semper
1456 2064 1524 2101 per

213 2133 278 2167 que
308 2118 411 2157 facta
436 2121 494 2156 est
518 2117 758 2166 compositio,
803 2128 916 2156 causa
942 2117 979 2154 in
1009 2118 1261 2165 comparativo
1287 2118 1409 2166 posita
1440 2129 1523 2158 esse

213 2184 373 2223 videtur.
424 2183 575 2222 Habeas
601 2183 660 2221 hic
687 2186 929 2243 conspectum
957 2182 1233 2231 exemplorum:

333 2272 437 2307 eoque
471 2268 528 2306 ep.
553 2258 611 2303 63,
639 2258 673 2295 3.
722 2257 757 2295 d.
784 2257 819 2294 b.
846 2257 905 2294 III
934 2256 991 2299 19,
1019 2258 1055 2293 4.
1100 2257 1148 2294 di.
1177 2257 1230 2295 VI
1257 2258 1316 2307 22,
1344 2259 1379 2296 2.
1423 2269 1459 2296 n.
1486 2270 1522 2307 q.

263 2325 300 2364 Π
325 2325 385 2373 54,
412 2326 447 2362 2.
486 2335 524 2362 n.
552 2334 587 2370 q.
615 2323 688 2361 VII
715 2323 748 2370 7,
778 2323 809 2362 1.

335 2400 413 2439 Nec
451 2400 575 2439 minus
613 2413 716 2447 eoque
751 2399 916 2447 positum
959 2401 1017 2438 est
1055 2398 1119 2437 ubi
1159 2399 1396 2438 coniunctum
1437 2404 1527 2437 cum*

215 2466 329 2506 verbo
366 2466 530 2515 quodam
570 2464 618 2504 ad
653 2464 764 2504 finem
791 2467 954 2514 spectat:
993 2478 1097 2512 eoque
1122 2468 1296 2504 adductus
1321 2470 1372 2503 est
1394 2464 1442 2502 di.
1468 2465 1520 2503 VI

139 2582 143 2589 ¹
215 2531 247 2578 1,
275 2532 309 2569 7.
350 2544 454 2579 eoque
478 2536 574 2579 ferat
599 2530 648 2569 di.
679 2531 733 2569 IX
763 2532 821 2579 17,
850 2533 906 2570 11.
946 2544 1050 2578 eoque
1071 2534 1220 2578 perduci
1236 2531 1270 2569 d.
1286 2530 1320 2568 b.
1337 2530 1459 2576 V112,
1481 2531 1512 2568 1.
