1735 2760
845 119 891 159 17

298 242 348 272 tce
364 238 510 282 popum.
530 239 563 271 d.
586 239 619 272 b.
639 238 669 272 V
691 239 742 280 15,
763 240 793 272 3.
818 238 851 271 d.
873 239 904 270 b.
929 237 990 272 VII
1012 239 1065 279 31,
1085 238 1116 270 4.
1140 237 1185 270 di.
1207 237 1270 269 XII
1293 238 1323 274 7,
1349 239 1376 269 1.
1474 237 1530 270 do—

298 298 391 350 migm
409 297 565 338 παγίως.
588 308 641 339 ep.
663 299 715 338 85,
747 298 799 330 32.
863 299 971 329 rector
997 296 1177 337 dominusq.
1211 307 1242 328 n.
1271 306 1301 336 q.
1330 294 1393 328 VII
1419 295 1471 334 25,
1500 295 1531 327 2.

296 358 449 389 rectorem
467 354 609 397 ducemq.
631 366 663 389 ιι.
686 366 717 397 q.
739 354 788 388 111
811 355 862 392 30,
885 355 915 387 8.
961 363 1047 386 saxa
1067 364 1197 396 τυφὼς.
1220 354 1265 387 di.
1288 353 1318 385 11
1344 355 1372 391 1,
1396 354 1426 385 2.
1451 364 1483 385 n.
1500 363 1531 394 q.

299 414 329 444 11
352 414 404 452 26,
427 416 455 445 5.
500 422 583 445 saxa
604 417 744 454 caute-951.
766 424 798 445 n.
822 423 853 453 q.
876 412 924 443 111
948 413 999 449 12,
1023 415 1052 443 2.
1123 412 1271 452 scopulos
1290 421 1416 453 rupesq.
1443 423 1474 444 n.
1499 422 1530 452 q.

297 467 329 502 11
351 460 382 511 6,
406 470 436 502 5.
481 470 570 502 tusus
590 470 707 512 ειη-ως.
727 470 772 501 di.
795 468 826 502 v
849 469 899 502 11.
921 470 954 501 2.
977 468 1021 501 di.
1046 469 1097 500 1x
1121 470 1170 506 17,
1193 470 1223 500 6.
1288 468 1385 500 ludus
1406 469 1528 510 eamq.

299 527 343 561 di.
363 528 424 561 vn
450 529 500 566 12,
524 528 556 560 2.
642 528 749 560 lusum
770 537 810 560 ac
831 527 937 560 iocum
958 537 1010 568 ep.
1033 528 1086 564 95,
1110 528 1159 559 33.

337 605 413 645 Sed
439 605 487 644 ab
520 606 642 645 altera
675 616 825 655 quoque
854 607 966 654 parte
1001 607 1049 643 ut*
1072 604 1287 653 exemplum
1319 604 1528 652 adferatur,

215 676 269 710 vis
302 685 344 711 ac
363 677 523 719 potestas
554 671 694 721 legitur
722 669 772 710 di.
801 670 872 709 VII
898 670 932 717 8,
962 671 997 710 5.
1025 670 1060 709 d.
1087 669 1120 709 b.
1146 669 1185 708 II
1214 670 1275 720 34,
1302 670 1336 708 5.
1362 680 1399 708 n.
1427 680 1463 719 q.
1491 670 1529 709 II

212 736 272 784 37,
298 737 333 775 2.
385 736 489 776 Haec
513 747 601 775 vero
627 736 741 775 verba
772 738 818 774 ut
852 745 920 784 per
949 749 991 774 ac
1023 735 1302 783 copularentur,
1339 735 1528 782 gravitate

214 812 344 839 eorum
363 800 504 840 sactum
520 802 625 848 puto,
651 811 728 849 qua
750 798 797 838 de
814 811 856 839 re
884 799 921 837 in
948 798 1023 838 fine
1036 799 1150 838 huius
1169 799 1287 848 partis
1306 799 1525 840 disseretur.

283 895 287 897 >
339 876 509 915 Tertium
536 878 575 914 et
598 876 720 924 magis
746 875 860 914 etiam
877 878 1056 924 quartum
1084 885 1203 923 genus
1229 886 1252 912 a
1269 874 1457 923 prioribus
1482 886 1527 914 eo

215 940 407 988 differunt,
435 941 536 990 quod
563 940 688 980 laxius
722 942 782 980 est
807 940 999 979 vinculum
1025 950 1100 989 quo
1132 941 1306 979 notiones
1329 943 1528 979 conectun-

212 1009 287 1045 tur.
338 1005 437 1045 Nam
463 1016 560 1054 quae
585 1005 747 1054 priorem
774 1006 945 1053 sequitur
976 1016 1055 1044 rem
1081 1016 1143 1044 res
1171 1006 1246 1044 alia
1274 1008 1331 1043 est
1360 1016 1532 1053 novaque

210 1071 370 1120 ideoque
397 1071 518 1110 minor
550 1071 668 1111 etiam
701 1074 761 1111 est
792 1069 955 1110 facultas
991 1070 1225 1109 adhibendae
1259 1085 1338 1119 que.
1403 1073 1529 1120 Atque

212 1147 298 1174 cum
323 1137 439 1185 plana
465 1136 558 1175 haec
585 1137 637 1175 sit
664 1137 762 1175 ratio
793 1139 833 1175 et
862 1134 1066 1175 manifesta
1096 1136 1133 1174 in
1159 1140 1350 1185 postremo
1378 1147 1527 1184 genere,

214 1201 366 1240 silentio
392 1200 431 1238 id
464 1201 628 1241 transire
662 1201 880 1249 poterimus.
945 1200 1116 1239 Tertium
1153 1211 1242 1239 vero
1280 1211 1400 1248 genus
1431 1203 1530 1239 tam·

212 1276 328 1315 quam
355 1266 394 1303 in
420 1264 581 1305 confinio
607 1258 803 1313 utriusque
827 1269 867 1303 et
883 1266 1115 1304 diversarum
1143 1268 1183 1303 et
1200 1266 1380 1304 similium
1408 1266 1527 1304 notio—

210 1342 302 1370 num
327 1331 475 1380 generis
500 1331 668 1381 positum
693 1341 816 1379 pauca
842 1331 958 1370 verba
974 1332 1226 1380 exemplaque
1253 1331 1453 1378 desiderat,
1484 1334 1528 1370 ut

212 1397 325 1446 paulo
339 1397 566 1437 -accuratius
591 1396 804 1444 definiatur,
834 1397 924 1446 quid
948 1396 1041 1436 illud
1070 1397 1119 1436 sit
1135 1398 1234 1447 quod
1254 1398 1302 1436 ad
1328 1402 1530 1446 utramque

216 1462 404 1501 notionem
432 1462 621 1510 pertineat
656 1462 844 1510 simulque
878 1466 921 1501 ut
947 1475 967 1500 e
994 1473 1176 1501 consensu
1214 1464 1380 1511 plurium
1418 1463 1530 1501 huius

213 1537 363 1576 quoque
397 1531 510 1565 notae
542 1528 709 1566 locorum
742 1539 810 1576 per
841 1542 907 1574 que
938 1528 1115 1575 coniungi
1148 1528 1272 1566 solere
1306 1539 1365 1566 res
1400 1529 1528 1575 aliquo

217 1591 327 1630 modo
356 1583 455 1630 inter
481 1603 522 1630 se
546 1594 729 1640 cognatas
755 1592 1009 1640 intellegatur.

335 1666 390 1704 Ac
414 1666 576 1714 primum
608 1666 758 1714 quidem
794 1666 966 1714 exemplo
1002 1677 1118 1714 supra
1152 1667 1315 1705 indicato
1348 1672 1428 1705 ursi
1461 1671 1527 1706 leo-

214 1744 311 1778 κως.
333 1730 385 1769 di.
403 1731 432 1769 V
453 1732 513 1778 30,
535 1732 556 1769 1
583 1731 769 1770 accedunt
791 1731 901 1770 haec:
928 1731 963 1769 d.
991 1731 1036 1769 cl.
1068 1731 1086 1768 I
1112 1732 1170 1777 26,
1199 1733 1233 1769 3.
1258 1732 1308 1770 di.
1336 1731 1389 1769 IV
1406 1733 1467 1779 31,
1490 1733 1526 1770 6.

214 1798 412 1845 praeterea
447 1800 620 1844 elephanti
651 1800 798 1844 leonesq.
828 1796 863 1835 d.
890 1797 936 1834 cl.
973 1796 991 1834 I
1029 1797 1065 1843 5,
1088 1798 1122 1834 5.
1155 1800 1264 1844 tigres
1289 1800 1434 1844 leonesq.
1463 1808 1520 1846 ep.

215 1863 275 1909 85,
302 1863 337 1900 8.
363 1865 499 1901 boumn
530 1866 729 1909 luporumq.
760 1866 836 1900 ritu
860 1862 910 1900 di.
945 1861 997 1900 IV
1023 1862 1081 1908 15,
1114 1862 1150 1899 4.
1175 1875 1294 1900 mures
1324 1865 1528 1909 formio-aeq.

213 1926 262 1965 di.
289 1926 343 1965 IV
368 1927 428 1973 34,
454 1927 487 1976 1,
514 1926 652 1974 quibus
679 1927 770 1966 loeis
796 1926 969 1965 omnibus
994 1925 1043 1963 ad
1068 1925 1345 1965 inlustrandam
1378 1928 1531 1965 senten-

176 1991 181 1996 '
212 1992 305 2030 tiam
336 2002 445 2031 suam
476 1992 597 2030 simile
627 1991 815 2039 quoddam
849 1991 1048 2039 proposuit
1082 1991 1241 2040 scriptor
1276 1997 1468 2039 sumptum
1508 2003 1529 2029 e
1551 2028 1553 2030 .

214 2059 352 2095 natura
374 2055 607 2095 animalium.
672 2056 797 2105 Atque
833 2067 981 2096 summa
1004 2055 1268 2103 disputationis
1298 2057 1460 2094 vertitur
1490 2058 1528 2094 in

212 2123 298 2170 ipsa
330 2122 548 2160 animalium
574 2121 773 2168 mentione,
800 2132 898 2169 quae
929 2122 1004 2160 sint
1033 2121 1189 2160 nomina
1215 2132 1345 2160 eorum
1377 2122 1530 2160 minoris

215 2189 276 2226 est
299 2186 492 2225 momenti.
543 2185 658 2225 Vides
678 2196 769 2235 ergo
782 2186 894 2235 quale
919 2187 970 2225 sit
984 2186 1182 2224 discrimen
1198 2186 1300 2224 inter
1322 2186 1408 2224 illos
1425 2187 1529 2225 locos

215 2254 255 2291 et
289 2262 349 2299 ep.
374 2252 435 2299 90,
464 2252 511 2290 16
546 2255 655 2300 terqis
681 2254 840 2298 vulpium
873 2255 1037 2291 induitwr
1074 2265 1116 2290 rw
1148 2265 1306 2299 murum,
1341 2252 1404 2290 ubi
1439 2253 1523 2291 sim-

212 2316 352 2365 plicem
377 2316 495 2356 habes
520 2316 858 2355 enumerationem.
912 2317 963 2354 At
987 2325 1056 2362 per
1081 2329 1124 2354 ac
1148 2326 1196 2354 ex
1224 2317 1407 2354 memoria
1432 2318 1526 2355 duo-

213 2392 298 2420 rum
323 2382 501 2422 universa
525 2382 745 2421 animalium
771 2382 875 2420 notio
902 2381 1143 2420 constituitur
1171 2392 1228 2429 ep.
1259 2382 1316 2429 19,
1347 2383 1391 2420 11
1419 2387 1528 2422 visce-

211 2450 305 2485 ratio
342 2450 453 2486 leonis
476 2460 518 2486 ac
542 2450 618 2494 lupi
643 2448 682 2484 et
707 2445 744 2483 d.
771 2446 806 2484 b.
834 2445 890 2484 ΙΙΙ
923 2446 981 2492 31,
1012 2446 1038 2483 4
1061 2459 1270 2485 muscarwm
1292 2461 1334 2484 ac
1358 2452 1526 2485 vermium

184 2533 188 2536 ,
212 2516 347 2551 bonum.
400 2513 542 2552 Eodem
567 2513 676 2551 modo
698 2513 860 2552 maiores
877 2511 1130 2560 prognatique
1157 2512 1420 2552 describuntur
1447 2528 1527 2552 avo-

1265 2595 1285 2624 2
