1735 2760
804 121 904 160 ‘69

226 243 392 280 amenta
416 246 488 281 sint
504 248 681 291 quattuor,
704 247 797 291 ionis
817 256 931 290 aquae
954 246 1051 281 aeris
1075 247 1201 287 terrae,
1224 246 1413 288 potestates
1425 254 1536 289 pares

227 310 285 346 Me
302 314 394 355 sunt,
418 312 557 355 fervida
581 313 719 358 frigida
742 313 848 348 arida
873 315 977 357 atque
1000 312 1154 347 humida.
1207 307 1337 357 Neque
1362 318 1451 347 vero
1475 307 1536 347 hic

225 370 343 412 habes
366 373 568 422 simplicem
596 375 778 423 quattuor
802 373 1071 412 adiectivorum
1097 372 1436 419 enumerationem,
1469 373 1535 411 sed

226 436 367 486 duplex
404 449 475 487 par
499 438 691 477 notionum
729 439 1016 488 contrariarum,
1055 448 1217 486 quarum
1255 437 1400 487 priores
1436 438 1535 476 duae

226 513 361 551 parum
385 504 582 544 observata
605 504 858 543 concinnitate
883 504 1066 544 sermonis
1092 504 1228 552 copula
1253 506 1392 543 carent.

815 690 921 730 XIII.

345 771 401 811 Ea
426 771 585 821 denique
612 771 786 821 exempla
813 773 850 810 in
875 772 1012 820 quibus
1041 785 1107 820 que
1132 770 1358 819 quibusdam
1382 770 1534 811 videtur

226 835 266 874 in
291 836 411 876 locum
425 837 637 886 particulae
663 838 925 877 adversativae
938 841 1055 887 atque
1068 837 1327 877 consecutivae
1340 836 1532 884 invasisse,

225 902 315 950 quia
339 899 419 942 fere
445 902 568 942 aliena
601 905 691 942 sunt
724 915 748 942 a
784 904 976 953 proposito
1005 907 1133 942 nostro
1170 902 1339 942 consulto
1371 902 1409 941 in
1432 902 1534 942 calce

226 967 343 1007 totius
383 969 704 1007 commentationis
743 968 944 1016 posuimus.
1018 967 1134 1007 Nobis
1169 978 1244 1006 non
1278 968 1333 1006 ita
1371 967 1533 1015 videtur,

222 1033 314 1071 vnam
342 1032 433 1081 quid
471 1032 519 1072 ad
555 1044 765 1073 sermonem
798 1033 969 1080 latinum,
1004 1032 1037 1072 si
1073 1032 1127 1070 illi
1160 1033 1365 1072 vernacula
1403 1032 1535 1081 lingua

228 1096 350 1147 magis
379 1098 545 1136 animum
573 1099 813 1137 advertentes
842 1098 889 1136 ad
914 1098 1131 1136 interiorem
1146 1097 1420 1136 sententiarum
1446 1108 1533 1136 con-

226 1165 374 1202 textum
402 1163 499 1202 hanc
532 1164 716 1203 rationem
745 1164 867 1213 magis
892 1163 1050 1213 exprimi
1073 1162 1231 1203 volunt?
1281 1160 1419 1201 Sensus
1447 1173 1533 1212 par-

226 1226 367 1266 ticulae
388 1238 536 1276 semper
559 1239 628 1277 par
653 1228 726 1268 sibi
750 1231 810 1267 est
824 1238 892 1267 nec
905 1227 1104 1276 copulandi
1130 1227 1223 1267 fines
1242 1227 1533 1276 transgreditur.

225 1291 369 1331 Morem
394 1295 523 1332 tamen
555 1292 630 1332 illis
664 1304 804 1342 geram,
840 1294 885 1332 ut
908 1292 1061 1332 videant
1084 1292 1264 1332 Senecam
1290 1303 1439 1341 quoque
1465 1293 1533 1332 ali-

224 1358 401 1407 quotiens
426 1368 499 1397 non
526 1358 580 1397 ita
611 1357 821 1398 studiosum
855 1357 975 1397 fuisse
1000 1358 1243 1397 accuratioris
1268 1357 1440 1398 dictionis
1465 1361 1534 1397 aut

224 1433 307 1463 esse
329 1416 504 1463 noluisse.
566 1423 800 1462 Sententiam
835 1423 952 1472 igitur
982 1423 1160 1473 negative
1186 1433 1405 1473 expressam
1429 1422 1532 1462 haud

224 1499 312 1528 raro
344 1489 515 1537 sequitur
553 1486 806 1528 enuntiatum
829 1487 1118 1533 adfirmativum,
1158 1488 1222 1527 ubi
1261 1489 1532 1538 oppositionem

225 1564 324 1603 quae
347 1553 446 1593 inest
480 1553 628 1593 duabus
661 1553 866 1601 sententiis,
893 1553 1079 1602 particula
1105 1567 1170 1601 que
1196 1553 1385 1603 designari
1412 1554 1533 1603 suspi-

228 1618 336 1659 ceris.
369 1617 483 1657 Cuius
507 1618 653 1668 generis
665 1620 724 1657 est
735 1623 922 1658 incarcere
939 1621 1101 1658 Socrates
1117 1622 1308 1666 disputavit
1325 1625 1358 1658 et
1377 1623 1473 1658 exire
1492 1640 1525 1646 -

224 1688 337 1724 noluit
360 1689 593 1734 remansitque
609 1695 666 1733 ep.
693 1685 752 1729 24,
778 1684 813 1722 4.
840 1684 926 1722 Alia
952 1684 1126 1733 exempla
1151 1684 1316 1724 invenies
1341 1695 1398 1733 ep.
1423 1685 1481 1732 59,
1499 1685 1534 1724 9.

224 1762 282 1802 ep.
310 1750 369 1798 74,
395 1750 453 1789 20.
480 1760 539 1798 ep.
565 1750 624 1798 92,
653 1749 713 1788 31.
739 1748 790 1788 di.
816 1748 851 1788 V
883 1750 942 1796 20,
966 1750 1000 1787 2.
1032 1748 1084 1788 di.
1110 1749 1164 1787 IX
1200 1749 1258 1796 14,
1288 1751 1319 1788 1.
1340 1749 1383 1789 d.
1420 1750 1455 1789 b.
1481 1749 1535 1789 IV

227 1816 260 1863 l,
286 1816 321 1854 2.
348 1815 384 1854 d.
411 1815 445 1854 b.
472 1816 547 1854 VII
573 1816 606 1862 7,
634 1816 669 1854 5.
720 1813 857 1854 Differt
893 1817 1020 1854 autem
1061 1814 1108 1854 ab
1136 1815 1194 1855 his
1227 1815 1319 1855 locis
1359 1826 1403 1856 eo
1430 1815 1532 1864 quod

224 1890 298 1919 non
315 1880 507 1929 praecedit
523 1880 684 1928 negatio,
703 1879 800 1927 quod
818 1879 958 1927 legitur
981 1891 1015 1918 n.
1035 1890 1069 1927 q.
1095 1880 1134 1919 II
1154 1882 1188 1929 6,
1217 1882 1237 1919 1
1259 1884 1351 1920 hunc
1375 1880 1534 1930 (aerem)

224 1949 367 1994 quidam
398 1959 441 1984 em
469 1948 682 1984 distantibus
716 1948 931 1991 corpusculis
963 1951 1002 1983 ut
1030 1949 1209 1992 pulverem
1244 1952 1387 1986 simunt
1414 1949 1534 1994 plum·-

224 2012 382 2060 mumque
409 2024 433 2049 a
457 2023 538 2048 vero
559 2013 733 2048 recedunt.
777 2009 919 2058 Negari
943 2009 1093 2057 quidem
1110 2021 1185 2049 non
1213 2014 1353 2062 potest,
1373 2012 1535 2061 speciem

225 2077 340 2122 atque
362 2073 532 2112 habitum
565 2073 699 2111 horum
724 2073 895 2111 locorum
926 2073 1044 2112 talem
1069 2084 1161 2122 esse,
1201 2076 1265 2123 qui
1297 2075 1336 2114 in
1360 2075 1535 2116 fraudem

224 2139 395 2190 impellat
427 2139 592 2178 animum
622 2139 804 2178 nostrum.
860 2137 939 2178 Nec
968 2141 1098 2179 tamen
1130 2139 1253 2180 minus
1286 2151 1415 2182 errare
1446 2152 1534 2182 eum

224 2204 485 2245 confitebimur
510 2204 574 2252 qui
600 2218 665 2252 que
683 2204 907 2252 particulam
926 2205 1182 2253 copulativam
1208 2216 1277 2255 pro
1292 2206 1534 2247 adversativa

222 2282 306 2312 esse
320 2273 430 2321 putet
452 2280 567 2319 quam
588 2269 691 2309 illum
710 2269 774 2318 qui
791 2269 1039 2310 conclusionis
1056 2270 1133 2310 vim
1147 2271 1182 2310 ei
1195 2271 1341 2321 induat,
1363 2272 1463 2323 quod
1484 2284 1532 2312 ne

225 2338 441 2386 Draegerus
466 2335 617 2384 quidem
655 2334 793 2374 falsum
824 2338 1077 2375 commentum
1113 2348 1195 2377 esse
1220 2340 1348 2387 negat.
1398 2339 1536 2387 Itaque

223 2402 255 2442 si
280 2401 390 2440 huius
429 2411 578 2450 quoque
614 2403 727 2439 notae
753 2401 926 2450 exempla
952 2400 1085 2449 indico,
1125 2413 1201 2441 non
1239 2403 1277 2441 id
1311 2402 1412 2442 facio
1443 2403 1531 2451 quia

147 2506 149 2509 .
224 2478 311 2507 vere
333 2477 415 2506 rem
440 2466 494 2505 ita
520 2476 561 2505 se
586 2464 726 2504 habere
750 2468 892 2514 putem,
923 2466 989 2505 sed
1014 2468 1142 2515 potius
1168 2470 1212 2507 ut
1243 2480 1267 2508 a
1292 2468 1388 2507 falsa
1413 2468 1529 2507 inter-

219 2533 429 2584 pretatione
454 2543 500 2572 ea
521 2530 712 2572 vindicem.
772 2530 848 2571 Suo
878 2541 967 2581 ergo
1004 2532 1160 2574 arbitrio
1190 2537 1319 2574 utetur
1358 2534 1422 2583 qui
1459 2547 1526 2582 que
