<?xml version="1.0" encoding="UTF-8"?>
<!DOCTYPE html PUBLIC "-//W3C//DTD XHTML 1.0 Transitional//EN"
    "http://www.w3.org/TR/xhtml1/DTD/xhtml1-transitional.dtd">
<html xmlns="http://www.w3.org/1999/xhtml" xml:lang="en" lang="en">
 <head>
  <title>
</title>
<meta http-equiv="Content-Type" content="text/html;charset=utf-8" />
  <meta name='ocr-system' content='tesseract 3.04.00' />
  <meta name='ocr-capabilities' content='ocr_page ocr_carea ocr_par ocr_line ocrx_word'/>
</head>
<body>
  <div class='ocr_page' id='page_1' title='image "./4627213_0043.png"; bbox 0 0 1735 2760; ppageno 0'>
   <div class='ocr_carea' id='block_1_1' title="bbox 140 167 1478 2642">
    <p class='ocr_par' dir='ltr' id='par_1_1' title="bbox 161 167 1478 532">
     <span class='ocr_line' id='line_1_1' title="bbox 720 167 837 207; baseline 0 0"><span class='ocrx_word' id='word_1_1' title='bbox 720 180 727 185; x_wconf 88' lang='lat'>·</span> <span class='ocrx_word' id='word_1_2' title='bbox 789 167 837 207; x_wconf 83' lang='lat'><strong>33</strong></span> 
     </span>
     <span class='ocr_line' id='line_1_2' title="bbox 161 285 1478 337; baseline -0.002 -10"><span class='ocrx_word' id='word_1_3' title='bbox 161 287 290 336; x_wconf 86' lang='lat' dir='ltr'><strong>ticipia</strong></span> <span class='ocrx_word' id='word_1_4' title='bbox 350 288 558 336; x_wconf 82' lang='lat' dir='ltr'><strong>composita</strong></span> <span class='ocrx_word' id='word_1_5' title='bbox 610 299 696 327; x_wconf 91' lang='lat' dir='ltr'><strong>cum</strong></span> <span class='ocrx_word' id='word_1_6' title='bbox 743 299 833 327; x_wconf 89' lang='lat' dir='ltr'><strong>voce</strong></span> <span class='ocrx_word' id='word_1_7' title='bbox 884 292 946 325; x_wconf 77' lang='lat' dir='ltr'><strong>in·</strong></span> <span class='ocrx_word' id='word_1_8' title='bbox 977 287 1216 337; x_wconf 81' lang='lat' dir='ltr'><strong>copulantur.</strong></span> <span class='ocrx_word' id='word_1_9' title='bbox 1296 285 1478 325; x_wconf 90' lang='lat' dir='ltr'><strong>Undecim</strong></span> 
     </span>
     <span class='ocr_line' id='line_1_3' title="bbox 163 351 1474 401; baseline -0.002 -10"><span class='ocrx_word' id='word_1_10' title='bbox 163 353 255 392; x_wconf 87' lang='lat' dir='ltr'><strong>locis</strong></span> <span class='ocrx_word' id='word_1_11' title='bbox 281 355 408 393; x_wconf 84' lang='lat' dir='ltr'><strong>exstat</strong></span> <span class='ocrx_word' id='word_1_12' title='bbox 433 365 519 401; x_wconf 80' lang='lat' dir='ltr'><strong>que:</strong></span> <span class='ocrx_word' id='word_1_13' title='bbox 561 353 609 393; x_wconf 90' lang='lat' dir='ltr'><strong>di.</strong></span> <span class='ocrx_word' id='word_1_14' title='bbox 639 353 679 392; x_wconf 93' lang='lat' dir='ltr'><strong>II</strong></span> <span class='ocrx_word' id='word_1_15' title='bbox 706 354 740 401; x_wconf 89' lang='grc'><strong>6,</strong></span> <span class='ocrx_word' id='word_1_16' title='bbox 776 354 811 392; x_wconf 89' lang='grc'><strong>5.</strong></span> <span class='ocrx_word' id='word_1_17' title='bbox 853 353 903 392; x_wconf 85' lang='lat' dir='ltr'><strong>di.</strong></span> <span class='ocrx_word' id='word_1_18' title='bbox 929 353 969 392; x_wconf 94' lang='lat' dir='ltr'><strong>II</strong></span> <span class='ocrx_word' id='word_1_19' title='bbox 996 354 1029 398; x_wconf 90' lang='lat'><strong>6,</strong></span> <span class='ocrx_word' id='word_1_20' title='bbox 1059 352 1093 391; x_wconf 90' lang='lat'><strong>7.</strong></span> <span class='ocrx_word' id='word_1_21' title='bbox 1134 352 1183 391; x_wconf 87' lang='lat' dir='ltr'><strong>di.</strong></span> <span class='ocrx_word' id='word_1_22' title='bbox 1210 351 1269 390; x_wconf 95' lang='lat' dir='ltr'><strong>III</strong></span> <span class='ocrx_word' id='word_1_23' title='bbox 1295 352 1329 398; x_wconf 89' lang='lat'><strong>8,</strong></span> <span class='ocrx_word' id='word_1_24' title='bbox 1356 351 1389 390; x_wconf 85' lang='lat'><strong>7.</strong></span> <span class='ocrx_word' id='word_1_25' title='bbox 1426 351 1474 390; x_wconf 89' lang='lat' dir='ltr'><strong>di.</strong></span> 
     </span>
     <span class='ocr_line' id='line_1_4' title="bbox 161 417 1474 467; baseline -0.001 -11"><span class='ocrx_word' id='word_1_26' title='bbox 161 418 214 456; x_wconf 93' lang='lat' dir='ltr'><strong>IV</strong></span> <span class='ocrx_word' id='word_1_27' title='bbox 257 418 317 466; x_wconf 84' lang='lat'><strong>35,</strong></span> <span class='ocrx_word' id='word_1_28' title='bbox 356 419 390 456; x_wconf 85' lang='lat'><strong>5.</strong></span> <span class='ocrx_word' id='word_1_29' title='bbox 418 418 465 456; x_wconf 88' lang='lat' dir='ltr'><strong>di.</strong></span> <span class='ocrx_word' id='word_1_30' title='bbox 503 419 557 457; x_wconf 95' lang='lat' dir='ltr'><strong>VI</strong></span> <span class='ocrx_word' id='word_1_31' title='bbox 598 420 631 467; x_wconf 87' lang='lat'><strong>7,</strong></span> <span class='ocrx_word' id='word_1_32' title='bbox 674 420 716 457; x_wconf 75' lang='lat'><strong>4:</strong></span> <span class='ocrx_word' id='word_1_33' title='bbox 751 419 798 457; x_wconf 93' lang='lat' dir='ltr'><strong>di.</strong></span> <span class='ocrx_word' id='word_1_34' title='bbox 825 419 900 457; x_wconf 93' lang='lat' dir='ltr'><strong>VII</strong></span> <span class='ocrx_word' id='word_1_35' title='bbox 924 419 959 465; x_wconf 88' lang='lat'><strong>4,</strong></span> <span class='ocrx_word' id='word_1_36' title='bbox 994 420 1030 456; x_wconf 92' lang='lat'><strong>4.</strong></span> <span class='ocrx_word' id='word_1_37' title='bbox 1058 418 1105 456; x_wconf 90' lang='lat' dir='ltr'><strong>di.</strong></span> <span class='ocrx_word' id='word_1_38' title='bbox 1134 417 1188 455; x_wconf 92' lang='lat' dir='ltr'><strong>IX</strong></span> <span class='ocrx_word' id='word_1_39' title='bbox 1215 419 1272 463; x_wconf 88' lang='grc'><strong>10,</strong></span> <span class='ocrx_word' id='word_1_40' title='bbox 1301 418 1335 455; x_wconf 89' lang='grc'><strong>6.</strong></span> <span class='ocrx_word' id='word_1_41' title='bbox 1361 417 1409 455; x_wconf 91' lang='lat' dir='ltr'><strong>di.</strong></span> <span class='ocrx_word' id='word_1_42' title='bbox 1438 417 1474 455; x_wconf 93' lang='lat' dir='ltr'>X</span> 
     </span>
     <span class='ocr_line' id='line_1_5' title="bbox 162 483 1473 532; baseline -0.001 -11"><span class='ocrx_word' id='word_1_43' title='bbox 162 483 198 530; x_wconf 91' lang='lat'><strong>9,</strong></span> <span class='ocrx_word' id='word_1_44' title='bbox 224 483 261 521; x_wconf 87' lang='grc'><strong>4.</strong></span> <span class='ocrx_word' id='word_1_45' title='bbox 285 493 321 521; x_wconf 92' lang='lat' dir='ltr'><strong>n.</strong></span> <span class='ocrx_word' id='word_1_46' title='bbox 349 493 384 530; x_wconf 92' lang='lat' dir='ltr'><strong>q.</strong></span> <span class='ocrx_word' id='word_1_47' title='bbox 413 483 473 521; x_wconf 91' lang='grc' dir='ltr'><strong>ΠΙ</strong></span> <span class='ocrx_word' id='word_1_48' title='bbox 499 495 555 532; x_wconf 91' lang='lat' dir='ltr'><strong>pr.</strong></span> <span class='ocrx_word' id='word_1_49' title='bbox 598 485 654 523; x_wconf 88' lang='lat'><strong>13.</strong></span> <span class='ocrx_word' id='word_1_50' title='bbox 690 483 835 529; x_wconf 88' lang='lat' dir='ltr'><strong>duobus</strong></span> <span class='ocrx_word' id='word_1_51' title='bbox 865 489 968 531; x_wconf 77' lang='lat' dir='ltr'><strong>atque</strong></span> <span class='ocrx_word' id='word_1_52' title='bbox 999 494 1057 531; x_wconf 89' lang='lat' dir='ltr'><strong>ep.</strong></span> <span class='ocrx_word' id='word_1_53' title='bbox 1093 483 1153 530; x_wconf 88' lang='lat'><strong>56,</strong></span> <span class='ocrx_word' id='word_1_54' title='bbox 1180 483 1213 520; x_wconf 90' lang='lat'><strong>9.</strong></span> <span class='ocrx_word' id='word_1_55' title='bbox 1241 494 1298 530; x_wconf 88' lang='lat' dir='ltr'><strong>ep.</strong></span> <span class='ocrx_word' id='word_1_56' title='bbox 1326 483 1383 529; x_wconf 86' lang='lat'><strong>71,</strong></span> <span class='ocrx_word' id='word_1_57' title='bbox 1414 483 1473 521; x_wconf 87' lang='grc'><strong>13.</strong></span> 
     </span>
    </p>

    <p class='ocr_par' dir='ltr' id='par_1_2' title="bbox 159 547 1474 912">
     <span class='ocr_line' id='line_1_6' title="bbox 280 547 1473 597; baseline -0.001 -11"><span class='ocrx_word' id='word_1_58' title='bbox 280 547 486 587; x_wconf 85' lang='lat' dir='ltr'><strong>Attulimus</strong></span> <span class='ocrx_word' id='word_1_59' title='bbox 526 559 642 597; x_wconf 86' lang='lat' dir='ltr'><strong>supra</strong></span> <span class='ocrx_word' id='word_1_60' title='bbox 674 559 738 588; x_wconf 88' lang='lat' dir='ltr'><strong>eos</strong></span> <span class='ocrx_word' id='word_1_61' title='bbox 771 548 884 596; x_wconf 90' lang='lat' dir='ltr'><strong>locos,</strong></span> <span class='ocrx_word' id='word_1_62' title='bbox 918 547 981 586; x_wconf 93' lang='lat' dir='ltr'><strong>ubi</strong></span> <span class='ocrx_word' id='word_1_63' title='bbox 1015 558 1083 596; x_wconf 89' lang='lat' dir='ltr'><strong>per</strong></span> <span class='ocrx_word' id='word_1_64' title='bbox 1114 561 1156 586; x_wconf 84' lang='lat' dir='ltr'><strong>ae</strong></span> <span class='ocrx_word' id='word_1_65' title='bbox 1191 548 1374 595; x_wconf 81' lang='lat' dir='ltr'><strong>prioribus</strong></span> <span class='ocrx_word' id='word_1_66' title='bbox 1407 547 1473 585; x_wconf 82' lang='lat' dir='ltr'><strong>ad-</strong></span> 
     </span>
     <span class='ocr_line' id='line_1_7' title="bbox 159 612 1474 662; baseline 0.001 -13"><span class='ocrx_word' id='word_1_67' title='bbox 159 622 297 650; x_wconf 84' lang='lat' dir='ltr'><strong>nexum</strong></span> <span class='ocrx_word' id='word_1_68' title='bbox 337 618 395 651; x_wconf 89' lang='lat' dir='ltr'><strong>est</strong></span> <span class='ocrx_word' id='word_1_69' title='bbox 440 613 718 652; x_wconf 88' lang='lat' dir='ltr'><strong>substantivum</strong></span> <span class='ocrx_word' id='word_1_70' title='bbox 766 617 873 652; x_wconf 84' lang='lat' dir='ltr'><strong>libido</strong></span> <span class='ocrx_word' id='word_1_71' title='bbox 911 612 1025 660; x_wconf 92' lang='lat' dir='ltr'><strong>idque</strong></span> <span class='ocrx_word' id='word_1_72' title='bbox 1061 615 1218 662; x_wconf 84' lang='lat' dir='ltr'><strong>propter</strong></span> <span class='ocrx_word' id='word_1_73' title='bbox 1254 613 1421 651; x_wconf 85' lang='lat' dir='ltr'><strong>litteram</strong></span> <span class='ocrx_word' id='word_1_74' title='bbox 1461 615 1474 650; x_wconf 89' lang='lat' dir='ltr'><strong>l</strong></span> 
     </span>
     <span class='ocr_line' id='line_1_8' title="bbox 161 662 1471 727; baseline 0 -12"><span class='ocrx_word' id='word_1_75' title='bbox 161 676 302 716; x_wconf 76' lang='lat' dir='ltr'><strong>factum</strong></span> <span class='ocrx_word' id='word_1_76' title='bbox 330 687 413 717; x_wconf 87' lang='lat' dir='ltr'><strong>esse</strong></span> <span class='ocrx_word' id='word_1_77' title='bbox 436 662 628 727; x_wconf 67' lang='lat' dir='ltr'><strong>pfobabile</strong></span> <span class='ocrx_word' id='word_1_78' title='bbox 656 678 763 717; x_wconf 86' lang='lat' dir='ltr'><strong>nobis</strong></span> <span class='ocrx_word' id='word_1_79' title='bbox 803 678 927 717; x_wconf 89' lang='lat' dir='ltr'><strong>visum</strong></span> <span class='ocrx_word' id='word_1_80' title='bbox 951 680 1020 717; x_wconf 88' lang='lat' dir='ltr'><strong>est.</strong></span> <span class='ocrx_word' id='word_1_81' title='bbox 1073 676 1178 723; x_wconf 85' lang='lat' dir='ltr'><strong>Quae</strong></span> <span class='ocrx_word' id='word_1_82' title='bbox 1201 677 1388 716; x_wconf 88' lang='lat' dir='ltr'><strong>sententia</strong></span> <span class='ocrx_word' id='word_1_83' title='bbox 1413 688 1471 715; x_wconf 91' lang='lat' dir='ltr'><strong>ro-</strong></span> 
     </span>
     <span class='ocr_line' id='line_1_9' title="bbox 160 742 1473 791; baseline 0 -11"><span class='ocrx_word' id='word_1_84' title='bbox 160 743 232 780; x_wconf 92' lang='lat' dir='ltr'><strong>bur</strong></span> <span class='ocrx_word' id='word_1_85' title='bbox 257 742 393 789; x_wconf 89' lang='lat' dir='ltr'><strong>accipit</strong></span> <span class='ocrx_word' id='word_1_86' title='bbox 416 743 536 781; x_wconf 84' lang='lat' dir='ltr'><strong>altero</strong></span> <span class='ocrx_word' id='word_1_87' title='bbox 562 743 736 791; x_wconf 83' lang='lat' dir='ltr'><strong>exemplo</strong></span> <span class='ocrx_word' id='word_1_88' title='bbox 764 744 800 781; x_wconf 87' lang='lat' dir='ltr'><strong>in</strong></span> <span class='ocrx_word' id='word_1_89' title='bbox 828 753 902 790; x_wconf 92' lang='lat' dir='ltr'><strong>quo</strong></span> <span class='ocrx_word' id='word_1_90' title='bbox 930 753 1005 780; x_wconf 91' lang='lat' dir='ltr'><strong>non</strong></span> <span class='ocrx_word' id='word_1_91' title='bbox 1031 742 1154 780; x_wconf 87' lang='lat' dir='ltr'><strong>minus</strong></span> <span class='ocrx_word' id='word_1_92' title='bbox 1178 742 1388 789; x_wconf 83' lang='lat' dir='ltr'><strong>legitimum</strong></span> <span class='ocrx_word' id='word_1_93' title='bbox 1414 745 1473 780; x_wconf 88' lang='lat' dir='ltr'><strong>est</strong></span> 
     </span>
     <span class='ocr_line' id='line_1_10' title="bbox 160 806 1470 857; baseline -0.001 -10"><span class='ocrx_word' id='word_1_94' title='bbox 160 822 211 847; x_wconf 67' lang='lat' dir='ltr'><strong>aa</strong></span> <span class='ocrx_word' id='word_1_95' title='bbox 254 807 502 847; x_wconf 78' lang='lat' dir='ltr'><strong>-Adiectivum</strong></span> <span class='ocrx_word' id='word_1_96' title='bbox 529 811 677 848; x_wconf 85' lang='lat' dir='ltr'><strong>liberwm</strong></span> <span class='ocrx_word' id='word_1_97' title='bbox 706 807 798 856; x_wconf 88' lang='lat' dir='ltr'><strong>dico,</strong></span> <span class='ocrx_word' id='word_1_98' title='bbox 835 807 935 857; x_wconf 91' lang='lat' dir='ltr'><strong>quod</strong></span> <span class='ocrx_word' id='word_1_99' title='bbox 959 806 1015 846; x_wconf 88' lang='lat' dir='ltr'><strong>ita</strong></span> <span class='ocrx_word' id='word_1_100' title='bbox 1040 807 1279 846; x_wconf 90' lang='lat' dir='ltr'><strong>coniunctum</strong></span> <span class='ocrx_word' id='word_1_101' title='bbox 1305 807 1470 857; x_wconf 87' lang='lat' dir='ltr'><strong>complu-</strong></span> 
     </span>
     <span class='ocr_line' id='line_1_11' title="bbox 161 873 653 912; baseline 0.002 -1"><span class='ocrx_word' id='word_1_102' title='bbox 161 874 267 912; x_wconf 79' lang='lat' dir='ltr'><strong>ribus</strong></span> <span class='ocrx_word' id='word_1_103' title='bbox 292 874 382 912; x_wconf 89' lang='lat' dir='ltr'><strong>locis</strong></span> <span class='ocrx_word' id='word_1_104' title='bbox 409 873 555 912; x_wconf 86' lang='lat' dir='ltr'><strong>obviam</strong></span> <span class='ocrx_word' id='word_1_105' title='bbox 584 877 653 912; x_wconf 84' lang='lat' dir='ltr'><strong>est.</strong></span> 
     </span>
    </p>

    <p class='ocr_par' dir='ltr' id='par_1_3' title="bbox 245 950 1473 1224">
     <span class='ocr_line' id='line_1_12' title="bbox 245 950 1473 996; baseline 0 -11"><span class='ocrx_word' id='word_1_106' title='bbox 245 950 476 985; x_wconf 64' lang='lat' dir='ltr'><strong>exauctoratus</strong></span> <span class='ocrx_word' id='word_1_107' title='bbox 497 962 537 985; x_wconf 87' lang='lat' dir='ltr'><strong>ac</strong></span> <span class='ocrx_word' id='word_1_108' title='bbox 558 953 637 986; x_wconf 82' lang='lat' dir='ltr'><strong>liber</strong></span> <span class='ocrx_word' id='word_1_109' title='bbox 658 964 708 994; x_wconf 89' lang='lat' dir='ltr'><strong>ep.</strong></span> <span class='ocrx_word' id='word_1_110' title='bbox 730 954 782 990; x_wconf 86' lang='lat'><strong>32,</strong></span> <span class='ocrx_word' id='word_1_111' title='bbox 806 954 836 986; x_wconf 86' lang='lat'><strong>5.</strong></span> <span class='ocrx_word' id='word_1_112' title='bbox 901 953 938 985; x_wconf 86' lang='lat' dir='ltr'><strong>in</strong></span> <span class='ocrx_word' id='word_1_113' title='bbox 959 963 1092 995; x_wconf 74' lang='lat' dir='ltr'><strong>corpore</strong></span> <span class='ocrx_word' id='word_1_114' title='bbox 1112 953 1217 985; x_wconf 83' lang='lat' dir='ltr'><strong>valido</strong></span> <span class='ocrx_word' id='word_1_115' title='bbox 1239 954 1399 996; x_wconf 18' lang='lat' dir='ltr'><strong>acylibero</strong></span> <span class='ocrx_word' id='word_1_116' title='bbox 1421 963 1473 995; x_wconf 88' lang='lat' dir='ltr'><strong>ep.</strong></span> 
     </span>
     <span class='ocr_line' id='line_1_13' title="bbox 246 1010 1471 1052; baseline 0.001 -9"><span class='ocrx_word' id='word_1_117' title='bbox 246 1011 299 1051; x_wconf 86' lang='lat'><strong>66,</strong></span> <span class='ocrx_word' id='word_1_118' title='bbox 321 1010 373 1042; x_wconf 85' lang='lat'><strong>22.</strong></span> <span class='ocrx_word' id='word_1_119' title='bbox 416 1010 556 1052; x_wconf 76' lang='lat' dir='ltr'><strong>inteqros</strong></span> <span class='ocrx_word' id='word_1_120' title='bbox 578 1020 617 1043; x_wconf 86' lang='lat' dir='ltr'><strong>ac</strong></span> <span class='ocrx_word' id='word_1_121' title='bbox 640 1011 756 1043; x_wconf 83' lang='lat' dir='ltr'><strong>liberos</strong></span> <span class='ocrx_word' id='word_1_122' title='bbox 778 1021 828 1051; x_wconf 87' lang='lat' dir='ltr'><strong>ep.</strong></span> <span class='ocrx_word' id='word_1_123' title='bbox 853 1012 906 1051; x_wconf 87' lang='grc'><strong>94,</strong></span> <span class='ocrx_word' id='word_1_124' title='bbox 931 1012 983 1043; x_wconf 89' lang='lat'><strong>56.</strong></span> <span class='ocrx_word' id='word_1_125' title='bbox 1027 1020 1173 1043; x_wconf 84' lang='lat' dir='ltr'><strong>securum</strong></span> <span class='ocrx_word' id='word_1_126' title='bbox 1197 1021 1236 1043; x_wconf 85' lang='lat' dir='ltr'><strong>ac</strong></span> <span class='ocrx_word' id='word_1_127' title='bbox 1265 1012 1398 1044; x_wconf 80' lang='lat' dir='ltr'><strong>liberum</strong></span> <span class='ocrx_word' id='word_1_128' title='bbox 1420 1022 1471 1052; x_wconf 87' lang='lat' dir='ltr'><strong>ep.</strong></span> 
     </span>
     <span class='ocr_line' id='line_1_14' title="bbox 252 1068 1470 1109; baseline 0.002 -11"><span class='ocrx_word' id='word_1_129' title='bbox 252 1069 323 1108; x_wconf 88' lang='lat'><strong>118,</strong></span> <span class='ocrx_word' id='word_1_130' title='bbox 346 1070 375 1100; x_wconf 83' lang='lat'><strong>3.</strong></span> <span class='ocrx_word' id='word_1_131' title='bbox 419 1069 544 1100; x_wconf 80' lang='lat' dir='ltr'><strong>solutus</strong></span> <span class='ocrx_word' id='word_1_132' title='bbox 566 1077 605 1100; x_wconf 90' lang='lat' dir='ltr'><strong>ac</strong></span> <span class='ocrx_word' id='word_1_133' title='bbox 625 1068 703 1100; x_wconf 86' lang='lat' dir='ltr'><strong>liber</strong></span> <span class='ocrx_word' id='word_1_134' title='bbox 724 1068 755 1100; x_wconf 84' lang='lat' dir='ltr'><strong>d.</strong></span> <span class='ocrx_word' id='word_1_135' title='bbox 779 1069 811 1100; x_wconf 91' lang='lat' dir='ltr'><strong>b.</strong></span> <span class='ocrx_word' id='word_1_136' title='bbox 833 1068 864 1099; x_wconf 90' lang='lat'><strong>11</strong></span> <span class='ocrx_word' id='word_1_137' title='bbox 889 1070 937 1109; x_wconf 88' lang='grc'><strong>18,</strong></span> <span class='ocrx_word' id='word_1_138' title='bbox 961 1070 990 1100; x_wconf 88' lang='lat'><strong>5.</strong></span> <span class='ocrx_word' id='word_1_139' title='bbox 1049 1070 1199 1101; x_wconf 82' lang='lat' dir='ltr'><strong>strictam</strong></span> <span class='ocrx_word' id='word_1_140' title='bbox 1221 1079 1260 1101; x_wconf 86' lang='lat' dir='ltr'><strong>ac</strong></span> <span class='ocrx_word' id='word_1_141' title='bbox 1282 1069 1416 1101; x_wconf 85' lang='lat' dir='ltr'><em>liberam</em></span> <span class='ocrx_word' id='word_1_142' title='bbox 1438 1069 1470 1101; x_wconf 84' lang='lat' dir='ltr'><strong>d.</strong></span> 
     </span>
     <span class='ocr_line' id='line_1_15' title="bbox 245 1126 1473 1167; baseline 0.001 -9"><span class='ocrx_word' id='word_1_143' title='bbox 245 1126 278 1158; x_wconf 91' lang='lat' dir='ltr'><strong>b.</strong></span> <span class='ocrx_word' id='word_1_144' title='bbox 301 1126 345 1158; x_wconf 90' lang='lat' dir='ltr'><strong>IV</strong></span> <span class='ocrx_word' id='word_1_145' title='bbox 368 1127 420 1167; x_wconf 83' lang='lat'><strong>37,</strong></span> <span class='ocrx_word' id='word_1_146' title='bbox 444 1128 473 1158; x_wconf 87' lang='lat'><strong>3.</strong></span> <span class='ocrx_word' id='word_1_147' title='bbox 518 1136 556 1159; x_wconf 79' lang='lat' dir='ltr'><strong>ex</strong></span> <span class='ocrx_word' id='word_1_148' title='bbox 578 1127 757 1159; x_wconf 74' lang='lat' dir='ltr'><strong><em>Macedone</em></strong></span> <span class='ocrx_word' id='word_1_149' title='bbox 778 1136 817 1159; x_wconf 89' lang='lat' dir='ltr'><strong>ac</strong></span> <span class='ocrx_word' id='word_1_150' title='bbox 835 1126 934 1159; x_wconf 87' lang='lat' dir='ltr'><strong>libero</strong></span> <span class='ocrx_word' id='word_1_151' title='bbox 958 1126 1001 1158; x_wconf 87' lang='lat' dir='ltr'><strong>di.</strong></span> <span class='ocrx_word' id='word_1_152' title='bbox 1024 1126 1054 1158; x_wconf 86' lang='lat' dir='ltr'><strong>V</strong></span> <span class='ocrx_word' id='word_1_153' title='bbox 1078 1128 1127 1167; x_wconf 87' lang='lat'><strong>17,</strong></span> <span class='ocrx_word' id='word_1_154' title='bbox 1152 1129 1178 1158; x_wconf 95' lang='lat'><strong>1.</strong></span> <span class='ocrx_word' id='word_1_155' title='bbox 1227 1128 1312 1159; x_wconf 82' lang='lat' dir='ltr'><strong>altus</strong></span> <span class='ocrx_word' id='word_1_156' title='bbox 1335 1136 1372 1159; x_wconf 85' lang='lat' dir='ltr'><strong>ac</strong></span> <span class='ocrx_word' id='word_1_157' title='bbox 1394 1126 1473 1159; x_wconf 83' lang='lat' dir='ltr'><strong>liber</strong></span> 
     </span>
     <span class='ocr_line' id='line_1_16' title="bbox 246 1183 469 1224; baseline 0.009 -10"><span class='ocrx_word' id='word_1_158' title='bbox 246 1183 291 1215; x_wconf 79' lang='lat' dir='ltr'><strong>di.</strong></span> <span class='ocrx_word' id='word_1_159' title='bbox 313 1183 341 1214; x_wconf 83' lang='lat' dir='ltr'>V</span> <span class='ocrx_word' id='word_1_160' title='bbox 364 1185 416 1224; x_wconf 85' lang='lat'><strong>36,</strong></span> <span class='ocrx_word' id='word_1_161' title='bbox 438 1185 469 1216; x_wconf 84' lang='lat'><strong>2.</strong></span> 
     </span>
    </p>

    <p class='ocr_par' dir='ltr' id='par_1_4' title="bbox 140 1240 1476 2593">
     <span class='ocr_line' id='line_1_17' title="bbox 278 1240 1471 1289; baseline -0.002 -9"><span class='ocrx_word' id='word_1_162' title='bbox 278 1242 363 1281; x_wconf 91' lang='lat' dir='ltr'><strong>Uno</strong></span> <span class='ocrx_word' id='word_1_163' title='bbox 388 1243 537 1280; x_wconf 87' lang='lat' dir='ltr'><strong>tantum</strong></span> <span class='ocrx_word' id='word_1_164' title='bbox 566 1252 600 1281; x_wconf 91' lang='lat' dir='ltr'><strong>n.</strong></span> <span class='ocrx_word' id='word_1_165' title='bbox 629 1252 662 1289; x_wconf 91' lang='lat' dir='ltr'><strong>q.</strong></span> <span class='ocrx_word' id='word_1_166' title='bbox 690 1242 770 1280; x_wconf 91' lang='lat' dir='ltr'><strong>loco</strong></span> <span class='ocrx_word' id='word_1_167' title='bbox 796 1242 830 1280; x_wconf 94' lang='lat' dir='ltr'>V</span> <span class='ocrx_word' id='word_1_168' title='bbox 858 1241 916 1288; x_wconf 89' lang='grc'>15,</span> <span class='ocrx_word' id='word_1_169' title='bbox 948 1241 971 1279; x_wconf 88' lang='lat'><strong>3</strong></span> <span class='ocrx_word' id='word_1_170' title='bbox 999 1241 1312 1281; x_wconf 79' lang='lat' dir='ltr'><strong>consentientibus</strong></span> <span class='ocrx_word' id='word_1_171' title='bbox 1339 1240 1471 1280; x_wconf 89' lang='lat' dir='ltr'><strong>codici-</strong></span> 
     </span>
     <span class='ocr_line' id='line_1_18' title="bbox 158 1306 1470 1354; baseline -0.001 -10"><span class='ocrx_word' id='word_1_172' title='bbox 158 1307 229 1344; x_wconf 89' lang='lat' dir='ltr'><strong>bus</strong></span> <span class='ocrx_word' id='word_1_173' title='bbox 257 1307 288 1344; x_wconf 95' lang='lat' dir='ltr'>B</span> <span class='ocrx_word' id='word_1_174' title='bbox 314 1310 354 1344; x_wconf 90' lang='lat' dir='ltr'><strong>et</strong></span> <span class='ocrx_word' id='word_1_175' title='bbox 380 1306 411 1343; x_wconf 91' lang='lat' dir='ltr'><strong>E</strong></span> <span class='ocrx_word' id='word_1_176' title='bbox 439 1307 578 1354; x_wconf 89' lang='lat' dir='ltr'><strong>legitur</strong></span> <span class='ocrx_word' id='word_1_177' title='bbox 604 1311 787 1354; x_wconf 82' lang='lat' dir='ltr'><strong>liberoque,</strong></span> <span class='ocrx_word' id='word_1_178' title='bbox 817 1309 944 1344; x_wconf 82' lang='lat' dir='ltr'><strong>tamen</strong></span> <span class='ocrx_word' id='word_1_179' title='bbox 972 1309 1015 1344; x_wconf 90' lang='lat' dir='ltr'><strong>ut</strong></span> <span class='ocrx_word' id='word_1_180' title='bbox 1049 1309 1159 1344; x_wconf 85' lang='lat' dir='ltr'><strong>extra</strong></span> <span class='ocrx_word' id='word_1_181' title='bbox 1191 1317 1338 1344; x_wconf 90' lang='lat' dir='ltr'><strong>omnem</strong></span> <span class='ocrx_word' id='word_1_182' title='bbox 1365 1306 1470 1345; x_wconf 91' lang='lat' dir='ltr'><strong>dubi-</strong></span> 
     </span>
     <span class='ocr_line' id='line_1_19' title="bbox 158 1370 1474 1419; baseline 0 -10"><span class='ocrx_word' id='word_1_183' title='bbox 158 1370 339 1410; x_wconf 82' lang='lat' dir='ltr'><strong>tationem</strong></span> <span class='ocrx_word' id='word_1_184' title='bbox 382 1382 466 1410; x_wconf 90' lang='lat' dir='ltr'><strong>eum</strong></span> <span class='ocrx_word' id='word_1_185' title='bbox 506 1370 667 1419; x_wconf 86' lang='lat' dir='ltr'><strong>positum</strong></span> <span class='ocrx_word' id='word_1_186' title='bbox 706 1382 790 1410; x_wconf 87' lang='lat' dir='ltr'><strong>esse</strong></span> <span class='ocrx_word' id='word_1_187' title='bbox 827 1381 902 1409; x_wconf 88' lang='lat' dir='ltr'><strong>non</strong></span> <span class='ocrx_word' id='word_1_188' title='bbox 932 1371 1156 1419; x_wconf 80' lang='lat' dir='ltr'><strong>putaverim.</strong></span> <span class='ocrx_word' id='word_1_189' title='bbox 1223 1371 1318 1410; x_wconf 87' lang='lat' dir='ltr'><strong>Sunt</strong></span> <span class='ocrx_word' id='word_1_190' title='bbox 1355 1371 1474 1409; x_wconf 87' lang='lat' dir='ltr'><strong>verba</strong></span> 
     </span>
     <span class='ocr_line' id='line_1_20' title="bbox 160 1437 1473 1484; baseline 0 -10"><span class='ocrx_word' id='word_1_191' title='bbox 160 1437 253 1475; x_wconf 84' lang='lat' dir='ltr'><strong>haec</strong></span> <span class='ocrx_word' id='word_1_192' title='bbox 286 1442 369 1475; x_wconf 82' lang='lat' dir='ltr'><strong>ante</strong></span> <span class='ocrx_word' id='word_1_193' title='bbox 395 1440 601 1483; x_wconf 77' lang='lat' dir='ltr'><strong>Philippum</strong></span> <span class='ocrx_word' id='word_1_194' title='bbox 625 1440 855 1475; x_wconf 81' lang='lat' dir='ltr'><strong>Macedonem</strong></span> <span class='ocrx_word' id='word_1_195' title='bbox 886 1450 985 1484; x_wconf 76' lang='lat' dir='ltr'><strong>reyes</strong></span> <span class='ocrx_word' id='word_1_196' title='bbox 1008 1439 1119 1484; x_wconf 83' lang='lat' dir='ltr'><strong>fuere,</strong></span> <span class='ocrx_word' id='word_1_197' title='bbox 1144 1441 1204 1483; x_wconf 81' lang='lat' dir='ltr'><strong>qui</strong></span> <span class='ocrx_word' id='word_1_198' title='bbox 1224 1441 1412 1483; x_wconf 77' lang='lat' dir='ltr'><strong>pecuniam</strong></span> <span class='ocrx_word' id='word_1_199' title='bbox 1435 1441 1473 1474; x_wconf 89' lang='lat' dir='ltr'><strong>in</strong></span> 
     </span>
     <span class='ocr_line' id='line_1_21' title="bbox 161 1505 1471 1549; baseline 0 -9"><span class='ocrx_word' id='word_1_200' title='bbox 161 1505 342 1540; x_wconf 81' lang='lat' dir='ltr'><strong>alt-issimis</strong></span> <span class='ocrx_word' id='word_1_201' title='bbox 368 1515 477 1548; x_wconf 79' lang='lat' dir='ltr'><strong>usque</strong></span> <span class='ocrx_word' id='word_1_202' title='bbox 499 1505 639 1540; x_wconf 73' lang='lat' dir='ltr'><strong>latebris</strong></span> <span class='ocrx_word' id='word_1_203' title='bbox 664 1508 889 1549; x_wconf 82' lang='lat' dir='ltr'><strong>sequerentur</strong></span> <span class='ocrx_word' id='word_1_204' title='bbox 914 1508 947 1540; x_wconf 88' lang='lat' dir='ltr'><strong>et</strong></span> <span class='ocrx_word' id='word_1_205' title='bbox 964 1507 1056 1541; x_wconf 83' lang='lat' dir='ltr'><strong>recto</strong></span> <span class='ocrx_word' id='word_1_206' title='bbox 1083 1506 1215 1548; x_wconf 83' lang='lat' dir='ltr'><strong>spiritu</strong></span> <span class='ocrx_word' id='word_1_207' title='bbox 1241 1506 1416 1549; x_wconf 81' lang='lat' dir='ltr'><strong>liberoque</strong></span> <span class='ocrx_word' id='word_1_208' title='bbox 1432 1506 1471 1539; x_wconf 84' lang='lat' dir='ltr'><strong>in</strong></span> 
     </span>
     <span class='ocr_line' id='line_1_22' title="bbox 162 1570 1470 1613; baseline 0 -9"><span class='ocrx_word' id='word_1_209' title='bbox 162 1570 242 1605; x_wconf 86' lang='lat' dir='ltr'><strong>illos</strong></span> <span class='ocrx_word' id='word_1_210' title='bbox 274 1580 311 1604; x_wconf 88' lang='lat' dir='ltr'><strong>se</strong></span> <span class='ocrx_word' id='word_1_211' title='bbox 337 1570 549 1604; x_wconf 74' lang='lat' dir='ltr'><strong>dimitterent</strong></span> <span class='ocrx_word' id='word_1_212' title='bbox 582 1579 705 1613; x_wconf 80' lang='lat' dir='ltr'><strong>specus</strong></span> <span class='ocrx_word' id='word_1_213' title='bbox 735 1571 774 1604; x_wconf 85' lang='lat' dir='ltr'><strong>in</strong></span> <span class='ocrx_word' id='word_1_214' title='bbox 805 1580 890 1613; x_wconf 81' lang='lat' dir='ltr'><strong>quos</strong></span> <span class='ocrx_word' id='word_1_215' title='bbox 914 1570 1049 1605; x_wconf 84' lang='lat' dir='ltr'><strong>nullum</strong></span> <span class='ocrx_word' id='word_1_216' title='bbox 1081 1571 1230 1604; x_wconf 85' lang='lat' dir='ltr'><strong>noctium</strong></span> <span class='ocrx_word' id='word_1_217' title='bbox 1268 1570 1470 1613; x_wconf 76' lang='lat' dir='ltr'><strong>dierumque</strong></span> 
     </span>
     <span class='ocr_line' id='line_1_23' title="bbox 160 1631 1470 1678; baseline -0.001 -8"><span class='ocrx_word' id='word_1_218' title='bbox 160 1636 358 1678; x_wconf 80' lang='lat' dir='ltr'><strong>perveniret</strong></span> <span class='ocrx_word' id='word_1_219' title='bbox 383 1635 580 1670; x_wconf 79' lang='lat' dir='ltr'><strong>discrimen.</strong></span> <span class='ocrx_word' id='word_1_220' title='bbox 633 1631 749 1670; x_wconf 82' lang='lat' dir='ltr'><strong>Plura</strong></span> <span class='ocrx_word' id='word_1_221' title='bbox 772 1632 809 1670; x_wconf 86' lang='lat' dir='ltr'><strong>in</strong></span> <span class='ocrx_word' id='word_1_222' title='bbox 835 1631 894 1670; x_wconf 86' lang='lat' dir='ltr'><strong>his</strong></span> <span class='ocrx_word' id='word_1_223' title='bbox 921 1631 1159 1671; x_wconf 85' lang='lat' dir='ltr'><strong>offensionem</strong></span> <span class='ocrx_word' id='word_1_224' title='bbox 1186 1631 1338 1670; x_wconf 87' lang='lat' dir='ltr'><strong>habent.</strong></span> <span class='ocrx_word' id='word_1_225' title='bbox 1389 1631 1470 1670; x_wconf 88' lang='lat' dir='ltr'><strong>Pri-</strong></span> 
     </span>
     <span class='ocr_line' id='line_1_24' title="bbox 162 1696 1473 1745; baseline 0.001 -12"><span class='ocrx_word' id='word_1_226' title='bbox 162 1706 264 1733; x_wconf 80' lang='lat' dir='ltr'><strong>inum</strong></span> <span class='ocrx_word' id='word_1_227' title='bbox 291 1699 509 1734; x_wconf 79' lang='lat' dir='ltr'><strong>demitterent</strong></span> <span class='ocrx_word' id='word_1_228' title='bbox 534 1706 602 1745; x_wconf 91' lang='lat' dir='ltr'><strong>pro</strong></span> <span class='ocrx_word' id='word_1_229' title='bbox 629 1700 842 1734; x_wconf 80' lang='lat' dir='ltr'><strong>dimitterent</strong></span> <span class='ocrx_word' id='word_1_230' title='bbox 866 1696 1080 1745; x_wconf 88' lang='lat' dir='ltr'><strong>legendum,</strong></span> <span class='ocrx_word' id='word_1_231' title='bbox 1116 1696 1249 1734; x_wconf 90' lang='lat' dir='ltr'><strong>deinde</strong></span> <span class='ocrx_word' id='word_1_232' title='bbox 1283 1697 1397 1734; x_wconf 87' lang='lat' dir='ltr'><strong>verba</strong></span> <span class='ocrx_word' id='word_1_233' title='bbox 1435 1701 1473 1734; x_wconf 87' lang='lat' dir='ltr'><strong>in</strong></span> 
     </span>
     <span class='ocr_line' id='line_1_25' title="bbox 159 1761 1472 1809; baseline 0.001 -10"><span class='ocrx_word' id='word_1_234' title='bbox 159 1764 342 1800; x_wconf 82' lang='lat' dir='ltr'><strong>altissimis</strong></span> <span class='ocrx_word' id='word_1_235' title='bbox 375 1775 482 1809; x_wconf 81' lang='lat' dir='ltr'><strong>usque</strong></span> <span class='ocrx_word' id='word_1_236' title='bbox 520 1765 662 1800; x_wconf 83' lang='lat' dir='ltr'><strong>latebris</strong></span> <span class='ocrx_word' id='word_1_237' title='bbox 699 1767 935 1809; x_wconf 79' lang='lat' dir='ltr'><strong>sequerentur,</strong></span> <span class='ocrx_word' id='word_1_238' title='bbox 979 1772 1075 1809; x_wconf 86' lang='lat' dir='ltr'><strong>quae</strong></span> <span class='ocrx_word' id='word_1_239' title='bbox 1116 1761 1213 1800; x_wconf 90' lang='lat' dir='ltr'><strong>idem</strong></span> <span class='ocrx_word' id='word_1_240' title='bbox 1248 1762 1326 1801; x_wconf 87' lang='lat' dir='ltr'><strong>sine</strong></span> <span class='ocrx_word' id='word_1_241' title='bbox 1359 1761 1472 1800; x_wconf 88' lang='lat' dir='ltr'><strong>dubio</strong></span> 
     </span>
     <span class='ocr_line' id='line_1_26' title="bbox 160 1827 1469 1874; baseline 0.001 -11"><span class='ocrx_word' id='word_1_242' title='bbox 160 1827 289 1865; x_wconf 86' lang='lat' dir='ltr'><strong>valent</strong></span> <span class='ocrx_word' id='word_1_243' title='bbox 336 1832 452 1874; x_wconf 87' lang='lat' dir='ltr'><strong>atque</strong></span> <span class='ocrx_word' id='word_1_244' title='bbox 500 1831 538 1865; x_wconf 85' lang='lat' dir='ltr'><strong>in</strong></span> <span class='ocrx_word' id='word_1_245' title='bbox 575 1840 746 1865; x_wconf 73' lang='lat' dir='ltr'><strong>sumnam</strong></span> <span class='ocrx_word' id='word_1_246' title='bbox 782 1830 1005 1865; x_wconf 81' lang='lat' dir='ltr'><strong>altitudinem</strong></span> <span class='ocrx_word' id='word_1_247' title='bbox 1043 1831 1248 1865; x_wconf 81' lang='lat' dir='ltr'><strong>descendere</strong></span> <span class='ocrx_word' id='word_1_248' title='bbox 1293 1827 1347 1865; x_wconf 82' lang='lat' dir='ltr'><strong>ita</strong></span> <span class='ocrx_word' id='word_1_249' title='bbox 1389 1838 1469 1864; x_wconf 86' lang='lat' dir='ltr'><strong>mu-</strong></span> 
     </span>
     <span class='ocr_line' id='line_1_27' title="bbox 158 1891 1473 1939; baseline 0 -10"><span class='ocrx_word' id='word_1_250' title='bbox 158 1891 276 1929; x_wconf 86' lang='lat' dir='ltr'><strong>tanda</strong></span> <span class='ocrx_word' id='word_1_251' title='bbox 328 1895 371 1929; x_wconf 92' lang='lat' dir='ltr'><strong>ut</strong></span> <span class='ocrx_word' id='word_1_252' title='bbox 421 1891 618 1935; x_wconf 85' lang='lat' dir='ltr'><strong>scribatur,</strong></span> <span class='ocrx_word' id='word_1_253' title='bbox 674 1891 773 1939; x_wconf 92' lang='lat' dir='ltr'><strong>quod</strong></span> <span class='ocrx_word' id='word_1_254' title='bbox 825 1892 898 1929; x_wconf 76' lang='lat' dir='ltr'><strong>iam</strong></span> <span class='ocrx_word' id='word_1_255' title='bbox 942 1891 1106 1930; x_wconf 82' lang='lat' dir='ltr'><strong>Haasius</strong></span> <span class='ocrx_word' id='word_1_256' title='bbox 1151 1891 1365 1939; x_wconf 86' lang='lat' dir='ltr'><strong>suspicatus</strong></span> <span class='ocrx_word' id='word_1_257' title='bbox 1415 1896 1473 1930; x_wconf 85' lang='lat' dir='ltr'><strong>est</strong></span> 
     </span>
     <span class='ocr_line' id='line_1_28' title="bbox 159 1955 1470 2004; baseline -0.002 -9"><span class='ocrx_word' id='word_1_258' title='bbox 159 1955 276 2004; x_wconf 83' lang='lat' dir='ltr'><strong>praef.</strong></span> <span class='ocrx_word' id='word_1_259' title='bbox 318 1956 389 1994; x_wconf 88' lang='lat' dir='ltr'><strong>vol.</strong></span> <span class='ocrx_word' id='word_1_260' title='bbox 432 1956 491 1995; x_wconf 89' lang='grc' dir='ltr'><strong>ΠΙ</strong></span> <span class='ocrx_word' id='word_1_261' title='bbox 532 1967 567 2004; x_wconf 86' lang='lat' dir='ltr'><strong>p.</strong></span> <span class='ocrx_word' id='word_1_262' title='bbox 610 1957 657 1994; x_wconf 90' lang='lat'><strong>14</strong></span> <span class='ocrx_word' id='word_1_263' title='bbox 693 1961 732 1995; x_wconf 94' lang='lat' dir='ltr'><strong>in</strong></span> <span class='ocrx_word' id='word_1_264' title='bbox 769 1960 970 1995; x_wconf 84' lang='lat' dir='ltr'><strong>altissimas</strong></span> <span class='ocrx_word' id='word_1_265' title='bbox 1007 1970 1115 2003; x_wconf 78' lang='lat' dir='ltr'><strong>usqne</strong></span> <span class='ocrx_word' id='word_1_266' title='bbox 1140 1960 1303 1995; x_wconf 84' lang='lat' dir='ltr'><strong>latebras.</strong></span> <span class='ocrx_word' id='word_1_267' title='bbox 1373 1956 1470 1994; x_wconf 87' lang='lat' dir='ltr'><strong>Nam</strong></span> 
     </span>
     <span class='ocr_line' id='line_1_29' title="bbox 158 2021 1469 2069; baseline 0 -9"><span class='ocrx_word' id='word_1_268' title='bbox 158 2035 266 2069; x_wconf 79' lang='lat' dir='ltr'><strong>usque</strong></span> <span class='ocrx_word' id='word_1_269' title='bbox 312 2032 395 2060; x_wconf 88' lang='lat' dir='ltr'><strong>esse</strong></span> <span class='ocrx_word' id='word_1_270' title='bbox 435 2027 615 2068; x_wconf 78' lang='lat' dir='ltr'><strong>perpetuo,</strong></span> <span class='ocrx_word' id='word_1_271' title='bbox 655 2025 804 2060; x_wconf 84' lang='lat' dir='ltr'><strong>adsidue</strong></span> <span class='ocrx_word' id='word_1_272' title='bbox 845 2033 955 2061; x_wconf 88' lang='lat' dir='ltr'><strong>nemo</strong></span> <span class='ocrx_word' id='word_1_273' title='bbox 993 2021 1104 2060; x_wconf 87' lang='lat' dir='ltr'><strong>facile</strong></span> <span class='ocrx_word' id='word_1_274' title='bbox 1131 2021 1343 2068; x_wconf 87' lang='lat' dir='ltr'><strong>crediderit,</strong></span> <span class='ocrx_word' id='word_1_275' title='bbox 1385 2033 1469 2060; x_wconf 92' lang='lat' dir='ltr'><strong>cum</strong></span> 
     </span>
     <span class='ocr_line' id='line_1_30' title="bbox 161 2085 1474 2131; baseline 0.002 -8"><span class='ocrx_word' id='word_1_276' title='bbox 161 2085 365 2124; x_wconf 82' lang='lat' dir='ltr'><strong>abhorreat</strong></span> <span class='ocrx_word' id='word_1_277' title='bbox 413 2097 436 2123; x_wconf 87' lang='lat' dir='ltr'><strong>a</strong></span> <span class='ocrx_word' id='word_1_278' title='bbox 496 2097 668 2124; x_wconf 87' lang='lat' dir='ltr'><strong>sermone</strong></span> <span class='ocrx_word' id='word_1_279' title='bbox 713 2087 937 2131; x_wconf 87' lang='lat' dir='ltr'><strong>Annaeano,</strong></span> <span class='ocrx_word' id='word_1_280' title='bbox 986 2089 1030 2125; x_wconf 84' lang='lat' dir='ltr'><strong>ut</strong></span> <span class='ocrx_word' id='word_1_281' title='bbox 1087 2087 1259 2124; x_wconf 88' lang='lat' dir='ltr'><strong>omittam</strong></span> <span class='ocrx_word' id='word_1_282' title='bbox 1325 2087 1474 2125; x_wconf 84' lang='lat' dir='ltr'><strong>inanem</strong></span> 
     </span>
     <span class='ocr_line' id='line_1_31' title="bbox 160 2150 1472 2202; baseline 0.001 -13"><span class='ocrx_word' id='word_1_283' title='bbox 160 2150 230 2191; x_wconf 92' lang='lat' dir='ltr'><strong>hoc</strong></span> <span class='ocrx_word' id='word_1_284' title='bbox 256 2150 366 2191; x_wconf 90' lang='lat' dir='ltr'><strong>modo</strong></span> <span class='ocrx_word' id='word_1_285' title='bbox 403 2150 499 2195; x_wconf 86' lang='lat' dir='ltr'><strong>effici</strong></span> <span class='ocrx_word' id='word_1_286' title='bbox 525 2151 763 2191; x_wconf 84' lang='lat' dir='ltr'><strong>sententiam.</strong></span> <span class='ocrx_word' id='word_1_287' title='bbox 815 2152 873 2191; x_wconf 90' lang='lat' dir='ltr'><strong>Ad</strong></span> <span class='ocrx_word' id='word_1_288' title='bbox 906 2155 1149 2202; x_wconf 90' lang='lat' dir='ltr'><strong>postremum,</strong></span> <span class='ocrx_word' id='word_1_289' title='bbox 1186 2162 1260 2200; x_wconf 90' lang='lat' dir='ltr'><strong>quo</strong></span> <span class='ocrx_word' id='word_1_290' title='bbox 1293 2152 1374 2190; x_wconf 91' lang='lat' dir='ltr'><strong>iure</strong></span> <span class='ocrx_word' id='word_1_291' title='bbox 1407 2152 1472 2191; x_wconf 89' lang='lat' dir='ltr'><strong>Se-</strong></span> 
     </span>
     <span class='ocr_line' id='line_1_32' title="bbox 159 2216 1476 2266; baseline 0.002 -12"><span class='ocrx_word' id='word_1_292' title='bbox 159 2227 252 2256; x_wconf 84' lang='lat' dir='ltr'><strong>neca</strong></span> <span class='ocrx_word' id='word_1_293' title='bbox 275 2216 361 2255; x_wconf 88' lang='lat' dir='ltr'><strong>illos</strong></span> <span class='ocrx_word' id='word_1_294' title='bbox 400 2219 504 2255; x_wconf 90' lang='lat' dir='ltr'><strong>recto</strong></span> <span class='ocrx_word' id='word_1_295' title='bbox 544 2218 680 2265; x_wconf 89' lang='lat' dir='ltr'><strong>spiritu</strong></span> <span class='ocrx_word' id='word_1_296' title='bbox 706 2217 901 2266; x_wconf 81' lang='lat' dir='ltr'><strong>liberoqu&#39;e</strong></span> <span class='ocrx_word' id='word_1_297' title='bbox 934 2229 974 2257; x_wconf 89' lang='lat' dir='ltr'><strong>se</strong></span> <span class='ocrx_word' id='word_1_298' title='bbox 1011 2218 1209 2256; x_wconf 86' lang='lat' dir='ltr'><strong>demittere</strong></span> <span class='ocrx_word' id='word_1_299' title='bbox 1248 2217 1397 2265; x_wconf 85' lang='lat' dir='ltr'><strong>dixerit,</strong></span> <span class='ocrx_word' id='word_1_300' title='bbox 1431 2222 1476 2257; x_wconf 90' lang='lat' dir='ltr'><strong>ut</strong></span> 
     </span>
     <span class='ocr_line' id='line_1_33' title="bbox 159 2283 1474 2331; baseline 0.002 -11"><span class='ocrx_word' id='word_1_301' title='bbox 159 2293 329 2322; x_wconf 89' lang='lat' dir='ltr'><strong>eruerem</strong></span> <span class='ocrx_word' id='word_1_302' title='bbox 355 2283 461 2322; x_wconf 91' lang='lat' dir='ltr'><strong>nullo</strong></span> <span class='ocrx_word' id='word_1_303' title='bbox 493 2283 601 2321; x_wconf 90' lang='lat' dir='ltr'><strong>modo</strong></span> <span class='ocrx_word' id='word_1_304' title='bbox 628 2283 718 2321; x_wconf 90' lang='lat' dir='ltr'><strong>mihi</strong></span> <span class='ocrx_word' id='word_1_305' title='bbox 746 2283 911 2331; x_wconf 87' lang='lat' dir='ltr'><strong>contigit.</strong></span> <span class='ocrx_word' id='word_1_306' title='bbox 977 2283 1098 2321; x_wconf 89' lang='lat' dir='ltr'><strong>Immo</strong></span> <span class='ocrx_word' id='word_1_307' title='bbox 1133 2294 1217 2321; x_wconf 91' lang='lat' dir='ltr'><strong>cum</strong></span> <span class='ocrx_word' id='word_1_308' title='bbox 1252 2283 1331 2322; x_wconf 83' lang='lat' dir='ltr'><strong>alta</strong></span> <span class='ocrx_word' id='word_1_309' title='bbox 1365 2288 1474 2323; x_wconf 88' lang='lat' dir='ltr'><strong>nocte</strong></span> 
     </span>
     <span class='ocr_line' id='line_1_34' title="bbox 159 2348 1474 2398; baseline 0 -11"><span class='ocrx_word' id='word_1_310' title='bbox 159 2351 383 2396; x_wconf 83' lang='lat' dir='ltr'><strong>premantur</strong></span> <span class='ocrx_word' id='word_1_311' title='bbox 410 2348 462 2386; x_wconf 92' lang='lat' dir='ltr'><strong>illi</strong></span> <span class='ocrx_word' id='word_1_312' title='bbox 490 2348 725 2387; x_wconf 88' lang='lat' dir='ltr'><strong>subterranei</strong></span> <span class='ocrx_word' id='word_1_313' title='bbox 751 2359 896 2397; x_wconf 85' lang='lat' dir='ltr'><strong>specus,</strong></span> <span class='ocrx_word' id='word_1_314' title='bbox 924 2348 1085 2387; x_wconf 91' lang='lat' dir='ltr'><strong>liberum</strong></span> <span class='ocrx_word' id='word_1_315' title='bbox 1111 2348 1284 2396; x_wconf 85' lang='lat' dir='ltr'><strong>spiritum</strong></span> <span class='ocrx_word' id='word_1_316' title='bbox 1313 2350 1474 2398; x_wconf 84' lang='lat' dir='ltr'><strong>relinqui</strong></span> 
     </span>
     <span class='ocr_line' id='line_1_35' title="bbox 159 2412 1475 2464; baseline 0.001 -12"><span class='ocrx_word' id='word_1_317' title='bbox 159 2415 249 2462; x_wconf 83' lang='lat' dir='ltr'><strong>puto</strong></span> <span class='ocrx_word' id='word_1_318' title='bbox 277 2412 325 2452; x_wconf 88' lang='lat' dir='ltr'><strong>ab</strong></span> <span class='ocrx_word' id='word_1_319' title='bbox 350 2412 561 2452; x_wconf 87' lang='lat' dir='ltr'><strong>hominibus</strong></span> <span class='ocrx_word' id='word_1_320' title='bbox 587 2413 651 2461; x_wconf 91' lang='lat' dir='ltr'><strong>qui</strong></span> <span class='ocrx_word' id='word_1_321' title='bbox 685 2414 723 2451; x_wconf 91' lang='lat' dir='ltr'><strong>in</strong></span> <span class='ocrx_word' id='word_1_322' title='bbox 749 2413 833 2452; x_wconf 89' lang='lat' dir='ltr'><strong>illos</strong></span> <span class='ocrx_word' id='word_1_323' title='bbox 860 2425 900 2453; x_wconf 85' lang='lat' dir='ltr'><strong>se</strong></span> <span class='ocrx_word' id='word_1_324' title='bbox 929 2413 1164 2463; x_wconf 84' lang='lat' dir='ltr'><strong>demergant.</strong></span> <span class='ocrx_word' id='word_1_325' title='bbox 1230 2414 1347 2453; x_wconf 89' lang='lat' dir='ltr'><strong>Unice</strong></span> <span class='ocrx_word' id='word_1_326' title='bbox 1384 2426 1475 2464; x_wconf 90' lang='lat' dir='ltr'><strong>ergo</strong></span> 
     </span>
     <span class='ocr_line' id='line_1_36' title="bbox 159 2479 1473 2529; baseline 0.002 -12"><span class='ocrx_word' id='word_1_327' title='bbox 159 2490 289 2518; x_wconf 87' lang='lat' dir='ltr'><strong>verum</strong></span> <span class='ocrx_word' id='word_1_328' title='bbox 316 2480 438 2518; x_wconf 89' lang='lat' dir='ltr'><strong>iudico</strong></span> <span class='ocrx_word' id='word_1_329' title='bbox 465 2480 565 2527; x_wconf 84' lang='lat' dir='ltr'><strong>quod</strong></span> <span class='ocrx_word' id='word_1_330' title='bbox 592 2479 666 2518; x_wconf 86' lang='lat' dir='ltr'><strong>iam</strong></span> <span class='ocrx_word' id='word_1_331' title='bbox 688 2480 723 2517; x_wconf 91' lang='lat' dir='ltr'><strong>in</strong></span> <span class='ocrx_word' id='word_1_332' title='bbox 751 2481 910 2518; x_wconf 87' lang='lat' dir='ltr'><strong>vetustis</strong></span> <span class='ocrx_word' id='word_1_333' title='bbox 933 2480 1162 2519; x_wconf 86' lang='lat' dir='ltr'><strong>editionibus</strong></span> <span class='ocrx_word' id='word_1_334' title='bbox 1189 2481 1328 2529; x_wconf 85' lang='lat' dir='ltr'><strong>legitur</strong></span> <span class='ocrx_word' id='word_1_335' title='bbox 1353 2485 1473 2520; x_wconf 80' lang='lat' dir='ltr'><strong>relicto</strong></span> 
     </span>
     <span class='ocr_line' id='line_1_37' title="bbox 140 2548 438 2593; baseline 0.007 -12"><span class='ocrx_word' id='word_1_336' title='bbox 140 2549 292 2591; x_wconf 52' lang='lat' dir='ltr'><strong>,spiritu</strong></span> <span class='ocrx_word' id='word_1_337' title='bbox 317 2548 438 2593; x_wconf 78' lang='lat' dir='ltr'><strong>libero.</strong></span> 
     </span>
    </p>

    <p class='ocr_par' dir='ltr' id='par_1_5' title="bbox 1234 2615 1251 2642">
     <span class='ocr_line' id='line_1_38' title="bbox 1234 2615 1251 2642; baseline 0 0"><span class='ocrx_word' id='word_1_338' title='bbox 1234 2615 1251 2642; x_wconf 83' lang='lat'><strong>3</strong></span> 
     </span>
    </p>
   </div>
  </div>
 </body>
</html>
