1735 2760
831 104 880 143 58

200 226 253 262 tia
283 236 400 262 omnes
424 226 517 262 idem
541 229 699 271 sperant.
745 224 795 263 At
820 226 997 263 accurate
1014 223 1196 272 cogitanti
1221 226 1261 262 et
1290 223 1338 262 ad
1363 227 1516 262 severas

201 288 401 338 eloquendi
428 288 531 338 leges
573 301 613 328 se
650 288 902 338 adstringenti
940 293 1077 329 maiora
1101 293 1280 329 minorave
1317 287 1514 328 dicendum

198 357 293 392 erat.
349 354 522 394 Alterum
552 354 767 403 exemplum
796 355 960 403 praebeo
987 365 1046 404 ep.
1072 355 1132 401 89,
1162 354 1208 393 15
1229 360 1311 393 tune
1335 368 1418 403 eryo
1442 358 1517 393 vita

198 410 340 458 coneor's
377 424 446 458 sibi
484 426 546 468 est,
579 424 639 458 ubi
674 424 767 459 actio
800 434 871 459 non
903 423 1062 459 destituit
1091 425 1256 467 inpetum,
1294 423 1434 467 inpetus
1472 433 1517 458 eze

196 489 368 533 diynitate
411 489 576 533 cuiusque
612 489 666 523 rei
686 518 688 520 .
707 489 910 532 concipitur,
943 489 1096 532 proinde
1134 490 1302 525 renus-sus
1332 489 1517 532 acriorque

194 556 303 598 prout
331 554 396 589 itta
420 554 531 599 diona
566 556 615 589 est
650 554 734 598 peti.
801 550 928 598 Atque
968 549 1137 589 eiusdem
1171 550 1396 589 condicionis
1427 552 1518 588 sunt

195 619 383 662 ampliores
401 620 618 663 minoresque
632 621 740 662 prout
766 616 814 654 di.
845 616 864 653 I
884 616 915 659 1,
945 617 979 654 4.
1014 620 1180 655 remissae
1205 620 1391 663 elaraeque
1405 621 1517 663 prout

196 690 230 719 n.
258 690 294 728 q.
322 680 361 718 II
385 681 420 727 6,
447 681 481 718 3.
508 694 570 719 neo
595 684 786 719 remittitur
810 684 1050 728 incitatur-que
1069 686 1180 727 prout
1204 691 1240 720 n.
1267 690 1302 728 q.
1322 681 1376 719 IV
1401 681 1437 726 2,
1454 680 1517 718 23.

195 745 279 784 Huc
304 746 495 793 pertinere
533 749 733 795 praeterea
773 746 925 785 videtur
950 746 1000 785 di.
1039 746 1099 785 III
1125 747 1161 795 9,
1191 747 1210 785 1
1250 757 1362 794 quem
1388 746 1512 788 locum

196 821 257 849 me
282 811 398 850 invito
425 822 546 861 nuper
572 812 735 850 mutavit
762 811 939 851 Gertzius
964 811 1144 860 Madvigii
1171 811 1324 851 adiutus
1350 810 1516 851 consilio.

195 875 322 915 Verba
341 876 506 916 Senecae
532 880 621 916 sunt
635 878 731 917 haec
755 882 915 925 quotiens
932 882 1052 925 inpetu
1077 891 1167 925 opus
1190 883 1243 916 est
1265 881 1517 916 mniraseitur

197 940 362 991 (virtus),
377 946 440 980 sed
465 947 627 991 eoesquit
644 948 732 981 etin
755 948 925 990 quantum
949 948 1088 990 putavit
1116 956 1204 990 opus
1223 957 1296 982 esse
1321 947 1515 982 concitatur

195 1011 468 1055 remittiturque,
503 1021 574 1047 non
597 1011 701 1048 aliter
726 1022 831 1056 quam
856 1022 944 1057 quoe
968 1012 1148 1047 tormentis
1174 1012 1421 1056 exprimuntur
1447 1011 1518 1046 teta

194 1078 234 1111 in
251 1078 422 1119 potestate
447 1078 618 1112 mittentis
643 1080 727 1112 sunt
752 1078 791 1113 in
818 1080 989 1122 quantum
1020 1079 1257 1122 torqueantur.
1323 1072 1515 1113 Obsecun-

195 1137 261 1176 des
287 1137 438 1186 quidem
466 1139 586 1187 primo
620 1139 805 1188 adspectu
831 1138 1045 1179 sententiae
1077 1138 1220 1178 Gertzii
1250 1137 1426 1177 mirantis
1457 1137 1518 1177 hic

199 1203 246 1241 de
271 1203 493 1242 remissione
515 1203 669 1243 virtutis
683 1205 912 1244 mentionem
939 1204 1030 1252 fieri,
1058 1208 1187 1244 tamen
1212 1203 1429 1252 diligentius
1453 1213 1517 1242 ex-

197 1268 315 1307 cussis
350 1268 473 1307 verbis
508 1268 601 1307 nihil
627 1269 666 1307 in
693 1279 767 1316 quo
798 1268 966 1308 offendas
992 1270 1191 1308 inveneris.
1255 1267 1353 1307 Nam
1386 1267 1518 1307 eodem

197 1332 307 1373 modo
334 1333 380 1373 de
406 1334 551 1374 maiore
577 1333 637 1374 vel
674 1334 819 1374 minore
845 1335 992 1384 impetu
1020 1334 1192 1385 quamvis
1227 1344 1301 1374 non
1329 1332 1518 1382 expressis

198 1399 324 1437 verbis
351 1400 494 1437 dictum
518 1403 578 1438 est
602 1401 640 1437 in
668 1400 780 1438 simili
805 1400 872 1437 illo
900 1400 947 1438 de
972 1400 1108 1438 iaculis
1134 1402 1296 1446 sumpto,
1322 1410 1422 1446 quae
1447 1409 1516 1447 pro

198 1464 355 1504 arbitrio
376 1464 506 1505 militis
525 1464 680 1504 remisse
705 1466 809 1504 torta
834 1464 872 1503 in
897 1464 1017 1504 vicino
1044 1463 1232 1511 decidunt,
1257 1462 1383 1504 acrius
1399 1461 1518 1503 missa

197 1534 348 1568 remota
363 1533 510 1578 petunt.
563 1520 693 1575 Ipsum
710 1531 846 1568 deinde
872 1531 1029 1569 verbum
1055 1530 1245 1569 aGertzio
1267 1529 1517 1569 substitutum

198 1598 418 1643 enititurque-
447 1593 638 1645 displicet,
673 1594 772 1644 quod
805 1594 962 1645 languet
994 1597 1081 1644 post
1110 1598 1304 1634 concitatur
1344 1595 1383 1632 et
1414 1592 1515 1641 quod

198 1659 253 1697 ita
277 1658 400 1698 virtus
428 1659 568 1698 dicitur
594 1663 792 1717 temquam
818 1670 958 1709 magno
982 1660 1114 1699 labore
1129 1669 1354 1709 exsurgere.

319 1724 462 1763 Eodem
495 1724 612 1764 modo
638 1724 828 1773 particula
853 1738 894 1763 ae
920 1727 1107 1773 usurpata
1137 1724 1279 1774 legitur
1307 1734 1343 1762 n.
1378 1734 1413 1772 q.
1445 1721 1517 1761 VII

201 1790 264 1837 23,
291 1791 313 1828 2
326 1795 443 1829 nunor
460 1794 551 1829 em'm
562 1796 649 1829 esset
668 1804 715 1829 ae
741 1794 855 1830 maior
865 1796 978 1837 prout
993 1794 1136 1838 plenius
1161 1793 1317 1829 aleretur
1336 1803 1378 1829 ac
1393 1792 1517 1837 maliq-

197 1858 281 1892 nius
303 1854 418 1902 ignis:
455 1868 497 1893 ac
521 1859 714 1903 maliqnius
746 1864 815 1893 nos
847 1866 868 1893 e
908 1854 1033 1893 codice
1057 1853 1091 1892 E
1128 1853 1358 1902 sumpsimus
1389 1852 1517 1892 invitis

198 1918 375 1958 Fickerto
406 1922 445 1958 et
483 1919 634 1967 Haasio,
663 1919 729 1969 qui
768 1930 853 1958 cum
892 1919 924 1958 B
963 1925 1026 1958 aut
1044 1922 1245 1967 maliqnius
1272 1918 1516 1967 scripserunt.

199 1983 273 2023 Sed
299 1998 342 2023 ac
366 1985 466 2032 quod
492 1985 531 2022 in
561 1985 625 2022 illo
652 1985 944 2034 comparationis
971 1984 1139 2023 membro
1162 1984 1243 2022 sine
1267 1983 1348 2022 ulla
1373 1982 1516 2022 offensa

197 2051 267 2095 est,
295 2059 362 2088 cur
388 2048 435 2087 ab
465 2048 537 2088 hoc
554 2049 802 2098 relegandum
828 2059 1048 2088 censeamus
1074 2044 1148 2087 non
1167 2049 1287 2087 video.
1338 2048 1514 2086 Alterum

198 2117 326 2153 autem
354 2114 569 2162 exemplum
596 2125 670 2153 non
694 2115 845 2163 legitur,
879 2115 1033 2164 qualem
1069 2125 1167 2153 nunc
1199 2113 1350 2163 quidem
1373 2113 1412 2151 in
1437 2124 1516 2151 ma-

197 2179 306 2217 nibus
333 2179 518 2218 habemus
554 2180 765 2226 Annaeum,
807 2179 1084 2219 restituendum
1117 2190 1206 2217 vero
1232 2178 1382 2218 videtur
1417 2188 1454 2216 n.
1476 2188 1515 2227 q.

198 2243 233 2281 V
260 2244 294 2289 8,
323 2245 357 2293 3,
385 2245 448 2291 qui
474 2244 580 2284 locus
613 2245 909 2292 interpretaturo
935 2246 975 2283 et
1000 2243 1248 2283 emendaturo
1283 2242 1426 2282 multas
1451 2253 1517 2282 ex-

197 2308 304 2348 hibet
326 2308 590 2359 difficultates,
617 2320 715 2358 quae
739 2320 868 2349 omnes
894 2309 975 2348 fore
999 2312 1044 2348 ut
1073 2308 1325 2357 expediantur
1348 2307 1429 2348 fere
1454 2307 1516 2347 de-

197 2384 319 2422 spero.
381 2374 519 2422 Agitur
551 2385 643 2423 ergo
685 2374 756 2414 hoc
793 2375 876 2414 loco
919 2373 967 2413 de
1005 2374 1146 2421 ventis,
1187 2373 1253 2422 qui
1299 2383 1323 2411 a
1361 2372 1517 2412 Graecis

198 2435 401 2489 ε’γκόλπιαι
434 2442 628 2486 vocantur,
660 2439 723 2488 qui
756 2444 791 2478 si
828 2443 1050 2493 violentiores
1074 2443 1217 2485 flavere,
1246 2443 1343 2478 eirea
1365 2442 1517 2478 medium

197 2511 314 2546 tamn
339 2509 430 2546 diem
454 2509 726 2554 relanyuesetmt
750 2518 976 2554 neeusquum
998 2505 1069 2553 (sic
1098 2504 1142 2553 E,
1166 2502 1381 2553 nunquam)
1406 2517 1517 2552 usque
