1735 2760
840 112 890 151 56

210 235 391 280 iwnqatur,
418 237 458 271 ut
480 235 603 271 luxata
628 237 669 271 in
693 235 806 271 locum
836 238 1039 280 reponatur.
1090 233 1134 271 In
1160 233 1272 273 inane
1299 232 1360 271 hic
1373 231 1532 277 abibunt

210 296 337 346 verba,
371 296 404 335 si
431 296 486 335 ita
511 299 556 336 ut
581 296 683 336 dicta
709 300 798 336 sunt
823 297 983 345 accipis3
1024 297 1126 336 valet
1152 311 1218 345 que
1240 298 1349 343 idemj
1364 296 1464 345 quod
1491 310 1532 336 ve

208 362 270 401 vel
295 362 435 402 rectius
459 376 579 411 neque.
620 361 767 402 Similia
792 373 906 412 porro
932 362 1027 402 haec
1041 365 1146 402 sunt:
1172 367 1343 411 quomodo
1365 376 1447 411 erqo
1462 366 1533 411 siq-

207 431 352 474 nificant
377 426 572 477 (fulmina)
596 432 667 467 m'si
691 432 769 468 ideo
795 432 1011 468 mittuntur?
1033 432 1203 476 quomodo
1225 442 1308 468 aves
1322 442 1392 468 non
1415 432 1455 467 in
1470 432 1533 467 hoc

210 499 334 539 motae,
362 485 402 533 ai
426 498 527 533 nobis
553 499 787 541 occurrerent,
816 491 977 533 dextrum
1000 498 1197 542 auspicium
1210 498 1460 541 sinistrumque
1483 496 1532 539 fe-

209 564 343 598 cerant.
370 570 406 599 n.
434 570 470 608 q.
497 558 535 597 11
561 559 623 609 32,
655 560 690 597 3.
743 558 850 599 Haec
886 559 1039 607 quidem
1074 559 1210 599 codicis
1246 558 1280 598 E
1319 558 1430 598 lectio
1461 559 1532 608 est,

208 635 324 672 quam
351 625 435 663 iure
459 625 496 662 in
517 627 666 663 textum
693 625 839 672 recepit
853 624 1020 664 Haasius
1046 624 1224 664 Fickerto
1242 623 1533 663 cum-deteriore

209 689 241 727 B
266 693 492 728 sinistrunwe
521 688 721 729 scribente.
762 689 936 738 Itemque
961 702 1070 737 neque
1086 693 1179 728 enim
1202 692 1371 728 illesolus
1392 692 1532 735 mutat,

209 758 272 802 qui
296 758 336 793 in
363 758 438 793 acie
464 759 535 793 stat
568 758 601 793 et
630 768 740 793 cornu
764 758 928 793 dextrum
958 758 1160 802 laevwmque
1188 757 1358 800 defendit,
1383 756 1446 792 sed
1471 757 1534 801 qui

203 825 331 867 portas
356 825 473 859 tuetur
500 819 548 858 di.
574 819 629 858 IX
654 821 690 867 3,
708 820 743 859 5.
810 818 895 859 Non
913 820 1054 869 optimo
1073 819 1155 858 iure
1174 818 1337 858 fortasse
1358 818 1447 857 huic
1463 829 1533 857 nu-

209 895 315 925 mero
340 885 531 926 inseretur
558 889 598 924 in
622 897 704 924 aere
726 898 860 933 quoque
885 899 956 924 non
982 889 1143 924 deoetrmn
1178 888 1379 932 laevamque
1402 887 1532 931 premit

207 956 348 998 partem
373 950 580 999 (cometes).
607 954 711 989 nulla
737 956 787 988 esi
812 954 903 988 em'm
924 953 981 988 illi
1012 953 1082 998 via,
1108 954 1171 989 sed
1202 963 1273 997 qua
1296 963 1384 988 vena
1403 952 1532 996 pabuli

210 1020 268 1055 sui
293 1019 406 1062 duait,
434 1019 502 1054 illa
525 1019 622 1063 repit
647 1026 683 1054 n.
709 1026 746 1064 q.
774 1015 847 1053 VII
879 1016 939 1061 21,
966 1016 1001 1054 2.
1053 1015 1120 1053 fAt
1144 1026 1181 1054 n.
1208 1025 1244 1062 q.
1271 1015 1310 1053 11
1336 1015 1395 1061 59,
1423 1015 1447 1052 6
1472 1024 1531 1052 re·

210 1079 370 1129 pudiata
406 1080 545 1120 codicis
572 1080 607 1119 E
646 1081 836 1129 scriptura
873 1083 990 1118 eodem
1021 1079 1087 1128 (ad
1112 1078 1291 1125 mortem)
1331 1083 1435 1118 citius
1460 1085 1532 1118 tar—

211 1149 359 1192 diusque
380 1149 589 1185 verviendum·
615 1151 667 1185 est
693 1148 732 1184 et
758 1145 961 1184 Fickertus
987 1147 1027 1184 et
1052 1144 1217 1184 Haasius
1247 1144 1430 1193 scripsere
1458 1150 1532 1183 tar-

211 1214 343 1257 diusve,
380 1211 482 1259 quod
519 1222 568 1250 ne
607 1210 744 1250 codicis
782 1210 813 1248 B
839 1209 991 1258 quidem
1029 1209 1104 1249 fide
1140 1210 1195 1249 ita
1221 1208 1453 1260 defenditur,
1488 1211 1533 1248 ut

212 1274 307 1314 nihil
333 1275 541 1316 dubitetur.
593 1276 693 1315 Eum
725 1276 826 1315 enim
858 1276 1025 1315 codicem
1051 1276 1116 1324 qui
1143 1275 1315 1315 exaravit
1344 1274 1534 1323 librarius,

212 1344 316 1380 citius
340 1344 396 1380 vel
432 1345 572 1381 tardius
598 1344 687 1381 ante
723 1341 853 1381 oculos
887 1341 1067 1381 habuisse
1102 1341 1188 1381 inde
1221 1340 1405 1390 suspicari
1431 1340 1532 1388 licet,

213 1405 315 1455 quod
347 1417 483 1447 manus
523 1407 676 1447 demum
711 1407 915 1447 correctrix
953 1407 1181 1456 scripturam
1219 1411 1361 1453 citiusve
1395 1410 1535 1446 tardius

213 1473 379 1511 mutavit
404 1473 444 1511 in
475 1478 578 1512 citius
612 1477 800 1512 tardiusve.
854 1472 929 1512 Sed
964 1475 1008 1511 ut
1040 1473 1162 1511 maior
1194 1473 1314 1511 honor
1349 1472 1537 1511 habeatur

214 1536 333 1576 codici
360 1537 404 1584 E,
431 1537 614 1586 respicias
649 1548 734 1578 eam
769 1548 868 1586 quae
897 1538 1012 1587 paulo
1039 1540 1128 1576 ante
1152 1537 1192 1576 in
1220 1536 1242 1587 ἓ
1265 1538 1290 1576 4
1313 1536 1425 1577 simili
1450 1536 1536 1578 bre-

212 1602 334 1641 vitate
361 1602 464 1643 dicta
489 1606 550 1643 est
576 1603 805 1643 sententiam
839 1604 947 1643 iratis
972 1607 1030 1643 dis
1049 1607 1288 1651 propitiisque
1315 1606 1534 1642 moriendum

214 1673 275 1714 est,
304 1679 402 1717 quae
426 1672 605 1709 accurate
631 1669 802 1717 loquenti
837 1669 891 1708 ita
916 1668 995 1708 fere
1021 1668 1302 1718 pronuntianda
1328 1670 1429 1707 erat:
1457 1668 1536 1708 sive

213 1732 299 1770 irati
327 1736 417 1772 sunt
442 1733 481 1771 di
506 1734 586 1772 sive
612 1734 779 1784 propitii,
818 1734 1054 1773 moriendum
1089 1736 1149 1772 est
1180 1733 1326 1781 utique.
1391 1732 1536 1772 Iterum

215 1799 345 1836 autem
371 1798 610 1839 consentiunt
637 1799 736 1838 inter
758 1810 800 1839 se
826 1797 860 1837 E
886 1800 926 1838 et
951 1798 982 1837 B
1010 1810 1047 1838 n.
1076 1809 1110 1848 q.
1137 1797 1194 1837 111
1219 1809 1276 1847 pr.
1305 1799 1329 1837 3
1354 1801 1419 1838 hoo
1445 1801 1535 1838 dioe-

213 1876 298 1908 rem,
335 1867 368 1901 si
401 1877 496 1911 puer
531 1868 735 1912 iuvenisque
773 1868 918 1904 molirer
950 1874 1019 1903 nec
1057 1863 1182 1903 minus
1215 1874 1253 1902 n.
1289 1874 1324 1912 q.
1363 1862 1403 1902 1‘
1426 1864 1484 1911 11,
1511 1864 1535 1902 2

212 1931 373 1967 historici
393 1932 483 1968 soles
503 1934 629 1969 vocant
656 1935 689 1969 et
715 1933 814 1969 binos
826 1935 1012 1978 ternosque
1029 1932 1241 1977 adparuisse
1261 1932 1449 1968 memoriae
1462 1934 1537 1968 tra—

214 1996 313 2031 dunt.
379 1993 521 2033 Tamen
551 1995 625 2033 erit
660 1993 836 2040 fortasse,
881 1994 946 2044 qui
983 2004 1129 2033 memor
1162 1993 1258 2042 legis
1274 1992 1537 2033 'Bentleianae

215 2059 433 2108 propositae
459 2058 509 2098 ad
531 2058 624 2098 Hor.
651 2059 758 2109 epod.
784 2059 818 2099 V
845 2060 907 2108 33,
933 2070 1009 2108 qua
1036 2070 1105 2108 per
1131 2063 1187 2098 bis
1212 2064 1332 2107 terque
1361 2056 1535 2108 frequen-

216 2123 322 2171 tiam,
348 2135 417 2172 per
444 2129 496 2163 bis
523 2131 615 2164 terve
640 2125 841 2164 raritatem
869 2125 1029 2164 indicari
1056 2125 1247 2171 docemur,
1274 2123 1346 2162 hoc
1371 2123 1536 2162 Senecae

214 2188 298 2226 loco
337 2193 435 2228 binos
472 2194 631 2228 ternosve
667 2192 712 2229 ut
739 2188 928 2229 scribatur
952 2192 1154 2239 proponat.
1217 2188 1295 2228 Nos
1323 2198 1424 2237 vero,
1450 2197 1537 2226 cum

215 2255 373 2301 propter
399 2254 659 2303 exemplorum
693 2255 859 2304 inopiam
894 2254 987 2293 nihil
1014 2253 1207 2293 diiudicari
1244 2252 1366 2301 possit
1390 2253 1438 2292 de
1464 2263 1536 2291 usu

216 2319 437 2367 Annaeum,
463 2318 587 2358 locum
612 2319 857 2359 immutatum
882 2319 1149 2368 relinquemus
1208 2318 1265 2358 Re
1290 2328 1381 2357 vera
1405 2318 1535 2366 autem

213 2384 382 2434 quadrat
420 2384 460 2423 in
487 2384 580 2424 illud
617 2387 862 2435 praeceptum
897 2396 956 2433 ep.
984 2386 1043 2433 86,
1081 2386 1128 2424 13
1156 2398 1286 2433 parum
1320 2389 1372 2423 eet
1400 2397 1537 2423 mere

216 2455 430 2498 unquentum
460 2454 531 2489 mss·
557 2454 612 2489 bis
637 2454 695 2489 die
728 2455 848 2498 terque
877 2455 1080 2495 renovatur,
1109 2463 1154 2489 ne
1184 2454 1364 2489 evanescat
1390 2452 1430 2487 in
1459 2461 1535 2488 eor·

208 2530 299 2564 pore
330 2519 370 2556 et
397 2516 447 2556 di.
474 2515 531 2555 ΠΙ
557 2516 616 2565 17,
645 2516 669 2555 6
697 2521 779 2564 post
805 2519 955 2556 duorum
982 2519 1131 2555 triumve
1153 2518 1360 2565 sanquinem
1379 2517 1535 2554 occidere
