1735 2760
852 165 899 203 28

214 283 375 321 candum
415 297 526 336 aeque
564 290 737 331 vastoque.
804 285 938 322 Melius
977 285 1052 323 iam
1091 284 1376 332 intellegeretur
1409 287 1529 330 iniqm

213 354 387 394 vastoque.
429 350 554 396 Atque
581 348 658 387 tale
683 349 825 397 aliquid
851 349 1065 397 ponendum
1091 359 1173 389 esse
1185 347 1321 388 docent
1332 347 1530 397 sequentia

216 411 331 450 verba
357 416 532 451 cotidiano
557 419 590 451 et
614 418 760 461 volyari.
811 414 1002 462 Hauptius
1034 424 1148 460 quem
1173 417 1214 451 et
1238 414 1365 461 ipsum
1391 413 1431 451 in
1458 411 1530 451 hoc

214 475 295 515 loco
324 476 523 517 offendisse
551 477 667 524 video,
695 479 790 519 satis
815 479 1051 527 probabilem
1072 477 1375 517 emendationem
1393 487 1528 527 propo—

214 542 304 591 suit,
341 543 466 581 nescio
498 546 627 581 tamen
668 555 717 582 an
747 546 787 582 et
812 554 932 591 aeque
959 543 1069 582 facile
1101 543 1252 583 traditis
1277 543 1427 582 litteris:
1444 548 1528 582 sese

214 605 380 655 adplicet
405 611 444 646 et
470 608 605 647 melius
630 619 716 647 cum
741 615 839 648 vasto
865 608 1076 649 consentiat
1102 622 1204 647 saevo
1229 619 1344 657 quam
1371 614 1483 647 caeco.

342 671 537 712 Adiectiva
569 674 760 713 contraria
791 674 891 713 inter
915 684 957 714 se
982 674 1211 722 copulantur
1236 684 1305 721 per
1329 678 1433 721 aeque
1454 672 1528 720 (ao)
1561 685 1563 687 ’

219 735 310 774 locis
333 736 411 776 his:

301 801 424 835 itinera
445 803 577 836 urbana
604 813 644 836 ac
661 805 838 846 perefflua
861 815 912 846 ep.
940 806 993 845 31,
1023 805 1072 836 10.
1138 808 1274 837 externa
1299 804 1381 837 bella
1407 803 1530 836 acdo-

299 861 432 892 mestica
453 871 504 902 ep.
527 863 580 902 94,
602 863 654 893 64.
693 863 849 904 publicas
872 873 911 895 ac
925 859 1080 903 privatas
1109 862 1257 896 iniurias
1280 861 1325 894 di.
1357 860 1390 893 11
1427 862 1478 902 18,
1499 862 1529 893 3.

299 916 332 949 d.
355 917 386 949 b.
409 918 425 950 1
450 920 499 959 10,
521 920 551 951 2.
574 919 606 951 d.
629 920 659 952 b.
683 919 728 951 IV
750 922 782 970 4,
804 921 834 951 2.
877 921 914 952 in
925 921 1018 953 rebus
1038 920 1189 953 civilibus
1212 929 1252 953 ac
1273 918 1456 956 domesticis
1481 917 1529 951 di.

301 975 327 1005 V
349 978 379 1016 7,
406 978 432 1007 1.
498 977 585 1009 civili
605 987 645 1010 ae
668 978 809 1010 militari
830 978 998 1010 industria
1020 977 1052 1009 d.
1075 980 1106 1008 b.
1129 977 1180 1024 ΙΙΙ,
1201 978 1254 1018 29,
1277 978 1306 1009 7.
1375 976 1469 1021 beatu
1489 985 1528 1008 ac

301 1033 421 1066 misera
441 1034 512 1087 vita
534 1045 586 1076 ep.
609 1036 662 1076 98,
685 1037 715 1067 2.
780 1035 866 1068 viam
895 1036 1012 1068 bonam
1044 1045 1083 1068 ac
1110 1035 1229 1067 malam
1258 1033 1302 1066 di.
1337 1033 1416 1066 VIII
1446 1033 1475 1074 1,
1497 1034 1529 1065 3.

301 1101 363 1123 sua
382 1091 459 1131 fata
475 1093 608 1133 'pariter
629 1103 669 1125 ac
695 1094 830 1134 publiea
852 1104 904 1134 ep.
933 1094 986 1134 94,
1009 1094 1059 1125 65.
1123 1092 1235 1134 opimio
1261 1095 1379 1125 nostra
1403 1091 1446 1144 dc,
1468 1101 1530 1124 sua

302 1149 333 1181 d.
358 1149 391 1181 b.
413 1149 476 1182 VII
499 1151 529 1191 7,
552 1151 582 1182 3.
647 1154 706 1183 tua
733 1151 831 1183 simul
856 1160 894 1183 ac
919 1160 981 1183 sua
1008 1151 1121 1193 qratia
1150 1150 1181 1181 d.
1204 1149 1252 1182 XI
1272 1151 1304 1191 9,
1327 1151 1356 1181 5.
1421 1148 1531 1190 superi

301 1210 399 1247 atque
418 1207 522 1247 inferi
541 1208 645 1240 mamis
665 1208 711 1240 di.
729 1208 749 1239 >1
771 1210 802 1249 8,
824 1211 855 1241 6.
921 1208 1029 1241 divini
1053 1208 1137 1241 iun's
1158 1210 1257 1248 atque
1285 1206 1421 1239 humani
1441 1204 1472 1238 d:
1496 1206 1529 1238 b.

304 1261 365 1294 VII
387 1263 418 1303 2,
441 1264 471 1294 4.
514 1262 708 1295 vadimonia
728 1273 790 1296 sua
812 1267 911 1305 atque
932 1262 1041 1297 aliena
1059 1264 1106 1295 ‘di
1129 1264 1164 1295 X⁴
1181 1266 1212 1305 ¹7,
1235 1266 1265 1295 2.
1333 1259 1335 1261 ’

342 1331 534 1379 Frequens
561 1335 620 1371 est
648 1339 940 1382 synonymorum
956 1332 1165 1372 coniunctio
1175 1343 1246 1381 per
1257 1338 1370 1380 atque.
1411 1330 1530 1371 Plane

217 1395 385 1434 eiusdem
424 1395 597 1434 vocabuli
638 1396 812 1443 repetitio
851 1395 894 1434 fit
918 1407 976 1443 ep.
1020 1397 1107 1446 108,
1150 1397 1196 1434 19
1232 1398 1280 1434 in*
1308 1397 1402 1435 alius
1424 1403 1530 1444 atque

216 1464 311 1499 alias
333 1464 469 1505 formas
493 1466 759 1499 trameantium.
808 1457 978 1500 Eandem
997 1462 1288 1510 geminationem
1305 1460 1529 1510 interposito

217 1531 322 1572 atque
347 1526 396 1563 20
421 1525 511 1564 locis
539 1525 651 1573 leges,
680 1540 745 1573 que
761 1520 877 1564 semel
895 1528 1045 1564 tantum
1061 1537 1119 1573 ep.
1134 1527 1194 1572 88,
1213 1520 1264 1564 34
1289 1536 1355 1564 nec
1378 1526 1530 1574 saepius

214 1596 247 1629 et
270 1601 308 1629 n.
334 1600 370 1638 q.
390 1590 462 1629 VII
486 1591 545 1637 24,
575 1591 607 1629 1.
650 1590 723 1630 Sed
753 1591 871 1630 etiam
896 1590 928 1630 si
954 1589 1156 1630 recesseris
1181 1589 1230 1629 ab
1253 1590 1317 1629 his·
1331 1590 1530 1639 exemplis,

212 1655 354 1695 similes
386 1655 559 1695 notiones
599 1656 730 1696 multis
755 1656 847 1695 locis
883 1667 953 1706 per
991 1662 1093 1704 atque
1126 1656 1321 1705 copulatas
1346 1641 1526 1696 invenies,

214 1720 314 1768 Quid
343 1730 432 1758 vero
463 1720 616 1760 intersit
646 1721 744 1759 inter
781 1720 850 1759 illa
885 1720 1082 1759 enuntiata
1115 1730 1213 1768 quae
1238 1720 1438 1759 exhibeant*
1461 1735 1528 1769 que

215 1789 256 1825 et
292 1785 387 1824 haec
415 1784 562 1835 dicam,
601 1788 712 1824 caute
746 1788 875 1824 tamen
907 1795 1005 1833 quae
1031 1785 1233 1825 statuenda
1263 1785 1413 1824 videtur
1436 1784 1529 1824 acci-

212 1851 344 1899 piatur
370 1850 517 1898 regula.
569 1852 685 1897 Atque
710 1847 801 1899 ergo
827 1856 918 1889 tunc
944 1851 1118 1898 ponitur,
1158 1850 1190 1889 si
1216 1850 1332 1889 altius
1358 1850 1532 1899 adsurgit

214 1916 335 1953 oratio
373 1919 413 1954 et
454 1916 486 1953 si
527 1915 734 1962 praecipua
769 1915 826 1954 vis
865 1915 965 1954 inest
1000 1915 1093 1963 ipsis
1134 1913 1340 1954 adiectiviS.
1393 1914 1446 1953 At
1484 1919 1529 1954 ut

211 1979 409 2020 ostendam
436 1978 534 2018 hanc
560 1978 683 2028 legem
708 1990 783 2018 non
798 1979 938 2027 ubique
961 1979 1097 2026 valere,
1120 1979 1366 2028 inspiciantur
1383 1979 1451 2018 loci
1466 1979 1507 2018 hi
1517 1981 1528 2018 ἐ

212 2049 299 2083 bono
328 2058 369 2083 ac
404 2049 550 2093 bem‘qno
581 2048 675 2083 voltu
701 2055 757 2093 ep.
789 2045 848 2092 22,
887 2045 934 2083 12
958 2044 1015 2083 vel
1041 2049 1207 2083 memoria
1231 2048 1346 2091 scynis
1369 2048 1418 2083 σε’
1435 2048 1531 2084 lenta

212 2121 270 2159 ep.
295 2111 355 2158 74,
387 2111 418 2148 1.
460 2110 551 2158 quin
576 2110 691 2148 etiam
715 2113 872 2157 placidis
896 2115 1001 2157 atque
1024 2103 1222 2157 mosius
1246 2108 1364 2149 habes
1388 2118 1446 2158 ep.
1464 2110 1525 2157 99,

215 2177 263 2213 20
289 2185 357 2213 nec
390 2179 520 2213 tamen
554 2175 697 2213 maiore
726 2175 851 2213 animo
877 2174 938 2213 his
962 2170 1053 2213 locis
1080 2173 1434 2223 scriptori-*adflatus
1458 2178 1528 2215 est.

213 2240 295 2278 Iam
336 2246 379 2278 tu
418 2239 499 2288 ipse
526 2239 709 2278 memoria
735 2239 875 2287 repetis
899 2242 1011 2285 fortia
1036 2242 1216 2287 solidaque
1244 2241 1284 2277 et
1304 2238 1367 2278 'his
1393 2230 1529 2279 similia

211 2315 310 2354 quae
338 2315 455 2353 supra
480 2303 662 2353 leguntur
688 2307 855 2349 enotata,
881 2304 946 2342 ubi
970 2302 1117 2343 frustra
1141 2303 1337 2343 fortiorem
1354 2299 1530 2352 *partica-²

211 2370 289 2409 lam
318 2376 423 2418 atque
448 2369 644 2417 efflagitas.
686 2370 762 2410 Sed
789 2370 1072 2419 respondebunt
1089 2369 1278 2409 voluntati
1300 2370 1395 2410 tuae
1407 2369 1531 2410 ‘haece

212 2449 335 2474 nomen
360 2439 561 2474 detestabile
593 2449 635 2474 ac
663 2439 781 2473 dirum
803 2446 862 2483 ep.
889 2436 972 2482 114,
999 2436 1057 2474 24.
1104 2438 1285 2482 adfectum
1308 2426 1461 2487 tacto-mn
1486 2450 1527 2475 ac

212 2504 378 2540 rabidum
413 2500 463 2540 di.
489 2500 549 2540 III
577 2501 616 2549 l,
655 2501 687 2538 1.
731 2499 960 2546 mm‘t'ortis
984 2513 1026 2539 ιω
1050 2503 1227 2540 vehemens
1251 2498 1302 2539 di.
1328 2500 1402 2539 vn
1428 2502 1464 2548 3,
1491 2502 1526 2539 3.

212 2566 343 2605 vacem
367 2571 470 2615 atque
495 2562 679 2605 horridam
703 2569 829 2612 faciem
857 2576 893 2604 n.
921 2573 959 2614 q:
982 2565 1035 2604 VI
1059 2567 1119 2614 32,
1149 2567 1184 2604 ’4.
1200 2558 1202 2560 ’
1217 2586 1221 2589 -
1237 2556 1527 2606 Plura‘uddan-
