<?xml version="1.0" encoding="UTF-8"?>
<!DOCTYPE html PUBLIC "-//W3C//DTD XHTML 1.0 Transitional//EN"
    "http://www.w3.org/TR/xhtml1/DTD/xhtml1-transitional.dtd">
<html xmlns="http://www.w3.org/1999/xhtml" xml:lang="en" lang="en">
 <head>
  <title>
</title>
<meta http-equiv="Content-Type" content="text/html;charset=utf-8" />
  <meta name='ocr-system' content='tesseract 3.04.00' />
  <meta name='ocr-capabilities' content='ocr_page ocr_carea ocr_par ocr_line ocrx_word'/>
</head>
<body>
  <div class='ocr_page' id='page_1' title='image "./4627213_0042.png"; bbox 0 0 1735 2760; ppageno 0'>
   <div class='ocr_carea' id='block_1_1' title="bbox 815 198 863 239">
    <p class='ocr_par' dir='ltr' id='par_1_1' title="bbox 815 198 863 239">
     <span class='ocr_line' id='line_1_1' title="bbox 815 198 863 239; baseline 0 0"><span class='ocrx_word' id='word_1_1' title='bbox 815 198 863 239; x_wconf 85' lang='lat'>32</span> 
     </span>
    </p>
   </div>
   <div class='ocr_carea' id='block_1_2' title="bbox 180 311 1497 1018">
    <p class='ocr_par' dir='ltr' id='par_1_2' title="bbox 180 311 1497 1018">
     <span class='ocr_line' id='line_1_2' title="bbox 301 311 1496 369; baseline 0 -11"><span class='ocrx_word' id='word_1_2' title='bbox 301 319 341 359; x_wconf 89' lang='lat' dir='ltr'>Si</span> <span class='ocrx_word' id='word_1_3' title='bbox 365 320 430 368; x_wconf 91' lang='lat' dir='ltr'>qui</span> <span class='ocrx_word' id='word_1_4' title='bbox 457 322 569 359; x_wconf 86' lang='lat' dir='ltr'>erunt</span> <span class='ocrx_word' id='word_1_5' title='bbox 606 320 671 368; x_wconf 90' lang='lat' dir='ltr'>qui</span> <span class='ocrx_word' id='word_1_6' title='bbox 696 322 832 369; x_wconf 87' lang='lat' dir='ltr'>putent</span> <span class='ocrx_word' id='word_1_7' title='bbox 870 333 911 359; x_wconf 84' lang='lat' dir='ltr'>ac</span> <span class='ocrx_word' id='word_1_8' title='bbox 937 319 1103 368; x_wconf 86' lang='lat' dir='ltr'>positum</span> <span class='ocrx_word' id='word_1_9' title='bbox 1142 329 1226 360; x_wconf 80' lang='lat' dir='ltr'>esse</span> <span class='ocrx_word' id='word_1_10' title='bbox 1261 328 1336 368; x_wconf 89' lang='lat' dir='ltr'>quo</span> <span class='ocrx_word' id='word_1_11' title='bbox 1373 311 1496 369; x_wconf 73' lang='lat' dir='ltr'>magis</span> 
     </span>
     <span class='ocr_line' id='line_1_3' title="bbox 180 383 1497 432; baseline 0.002 -10"><span class='ocrx_word' id='word_1_12' title='bbox 180 383 363 423; x_wconf 79' lang='lat' dir='ltr'>efferatur</span> <span class='ocrx_word' id='word_1_13' title='bbox 396 385 455 423; x_wconf 88' lang='lat' dir='ltr'>vis</span> <span class='ocrx_word' id='word_1_14' title='bbox 493 387 532 422; x_wconf 87' lang='lat' dir='ltr'>et</span> <span class='ocrx_word' id='word_1_15' title='bbox 557 385 724 432; x_wconf 83' lang='lat' dir='ltr'>gravitas</span> <span class='ocrx_word' id='word_1_16' title='bbox 761 385 975 432; x_wconf 85' lang='lat' dir='ltr'>verborum,</span> <span class='ocrx_word' id='word_1_17' title='bbox 1016 387 1149 424; x_wconf 88' lang='lat' dir='ltr'>contra</span> <span class='ocrx_word' id='word_1_18' title='bbox 1187 383 1281 423; x_wconf 81' lang='lat' dir='ltr'>dici·</span> <span class='ocrx_word' id='word_1_19' title='bbox 1304 386 1434 432; x_wconf 84' lang='lat' dir='ltr'>potest</span> <span class='ocrx_word' id='word_1_20' title='bbox 1459 384 1497 424; x_wconf 88' lang='lat' dir='ltr'>in</span> 
     </span>
     <span class='ocr_line' id='line_1_4' title="bbox 180 449 1496 498; baseline 0.002 -12"><span class='ocrx_word' id='word_1_21' title='bbox 180 452 290 496; x_wconf 85' lang='lat' dir='ltr'>parte</span> <span class='ocrx_word' id='word_1_22' title='bbox 315 451 467 488; x_wconf 82' lang='lat' dir='ltr'>tantum</span> <span class='ocrx_word' id='word_1_23' title='bbox 485 449 742 498; x_wconf 85' lang='lat' dir='ltr'>exemplorum</span> <span class='ocrx_word' id='word_1_24' title='bbox 761 450 943 488; x_wconf 88' lang='lat' dir='ltr'>maiorem</span> <span class='ocrx_word' id='word_1_25' title='bbox 971 450 1048 487; x_wconf 92' lang='lat' dir='ltr'>vim</span> <span class='ocrx_word' id='word_1_26' title='bbox 1067 449 1270 497; x_wconf 67' lang='lat' dir='ltr'>¹adparere.</span> <span class='ocrx_word' id='word_1_27' title='bbox 1323 449 1401 488; x_wconf 87' lang='lat' dir='ltr'>Nec</span> <span class='ocrx_word' id='word_1_28' title='bbox 1426 449 1496 488; x_wconf 82' lang='lat' dir='ltr'>mi-</span> 
     </span>
     <span class='ocr_line' id='line_1_5' title="bbox 180 513 1495 561; baseline 0.002 -10"><span class='ocrx_word' id='word_1_29' title='bbox 180 525 252 552; x_wconf 85' lang='lat' dir='ltr'>nus</span> <span class='ocrx_word' id='word_1_30' title='bbox 280 525 303 551; x_wconf 84' lang='lat' dir='ltr'>a</span> <span class='ocrx_word' id='word_1_31' title='bbox 330 524 418 553; x_wconf 91' lang='lat' dir='ltr'>vero</span> <span class='ocrx_word' id='word_1_32' title='bbox 445 514 568 553; x_wconf 86' lang='lat' dir='ltr'>aberit</span> <span class='ocrx_word' id='word_1_33' title='bbox 595 514 626 551; x_wconf 89' lang='lat' dir='ltr'>is</span> <span class='ocrx_word' id='word_1_34' title='bbox 650 514 714 561; x_wconf 91' lang='lat' dir='ltr'>qui</span> <span class='ocrx_word' id='word_1_35' title='bbox 746 524 830 552; x_wconf 87' lang='lat' dir='ltr'>cum</span> <span class='ocrx_word' id='word_1_36' title='bbox 864 513 1068 552; x_wconf 84' lang='lat' dir='ltr'>identidem</span> <span class='ocrx_word' id='word_1_37' title='bbox 1100 517 1305 561; x_wconf 89' lang='lat' dir='ltr'>utrumque</span> <span class='ocrx_word' id='word_1_38' title='bbox 1342 514 1495 553; x_wconf 86' lang='lat' dir='ltr'>adiecti·</span> 
     </span>
     <span class='ocr_line' id='line_1_6' title="bbox 182 578 1495 629; baseline 0 -13"><span class='ocrx_word' id='word_1_39' title='bbox 182 589 269 616; x_wconf 89' lang='lat' dir='ltr'>vum</span> <span class='ocrx_word' id='word_1_40' title='bbox 295 578 344 617; x_wconf 81' lang='lat' dir='ltr'>ab</span> <span class='ocrx_word' id='word_1_41' title='bbox 370 579 503 617; x_wconf 87' lang='lat' dir='ltr'>eadem</span> <span class='ocrx_word' id='word_1_42' title='bbox 530 579 661 617; x_wconf 86' lang='lat' dir='ltr'>littera</span> <span class='ocrx_word' id='word_1_43' title='bbox 683 592 703 617; x_wconf 93' lang='lat' dir='ltr'>s</span> <span class='ocrx_word' id='word_1_44' title='bbox 728 579 855 617; x_wconf 79' lang='lat' dir='ltr'>videat</span> <span class='ocrx_word' id='word_1_45' title='bbox 884 579 1058 629; x_wconf 81' lang='lat' dir='ltr'>incipere,</span> <span class='ocrx_word' id='word_1_46' title='bbox 1085 578 1172 618; x_wconf 88' lang='lat' dir='ltr'>inde</span> <span class='ocrx_word' id='word_1_47' title='bbox 1190 579 1237 617; x_wconf 74' lang='lat' dir='ltr'>in·</span> <span class='ocrx_word' id='word_1_48' title='bbox 1254 579 1314 618; x_wconf 83' lang='lat' dir='ltr'>his</span> <span class='ocrx_word' id='word_1_49' title='bbox 1340 592 1383 617; x_wconf 86' lang='lat' dir='ltr'>ae</span> <span class='ocrx_word' id='word_1_50' title='bbox 1406 589 1495 628; x_wconf 80' lang='lat' dir='ltr'>par-</span> 
     </span>
     <span class='ocr_line' id='line_1_7' title="bbox 180 642 1496 692; baseline 0 -10"><span class='ocrx_word' id='word_1_51' title='bbox 180 644 319 684; x_wconf 89' lang='lat' dir='ltr'>ticulae</span> <span class='ocrx_word' id='word_1_52' title='bbox 356 646 464 692; x_wconf 87' lang='lat' dir='ltr'>petat</span> <span class='ocrx_word' id='word_1_53' title='bbox 503 652 670 683; x_wconf 82' lang='lat' dir='ltr'>causam.</span> <span class='ocrx_word' id='word_1_54' title='bbox 724 643 843 683; x_wconf 87' lang='lat' dir='ltr'>Inane</span> <span class='ocrx_word' id='word_1_55' title='bbox 881 642 958 682; x_wconf 86' lang='lat' dir='ltr'>tale</span> <span class='ocrx_word' id='word_1_56' title='bbox 997 646 1250 682; x_wconf 86' lang='lat' dir='ltr'>commentum</span> <span class='ocrx_word' id='word_1_57' title='bbox 1289 653 1374 682; x_wconf 84' lang='lat' dir='ltr'>esse</span> <span class='ocrx_word' id='word_1_58' title='bbox 1410 646 1496 682; x_wconf 87' lang='lat' dir='ltr'>cum</span> 
     </span>
     <span class='ocr_line' id='line_1_8' title="bbox 181 704 1497 757; baseline 0.002 -11"><span class='ocrx_word' id='word_1_59' title='bbox 181 709 264 747; x_wconf 85' lang='lat' dir='ltr'>aliis</span> <span class='ocrx_word' id='word_1_60' title='bbox 289 711 372 746; x_wconf 89' lang='lat' dir='ltr'>tum</span> <span class='ocrx_word' id='word_1_61' title='bbox 397 709 519 747; x_wconf 90' lang='lat' dir='ltr'>tribus</span> <span class='ocrx_word' id='word_1_62' title='bbox 546 709 657 747; x_wconf 86' lang='lat' dir='ltr'>huius</span> <span class='ocrx_word' id='word_1_63' title='bbox 682 709 801 757; x_wconf 83' lang='lat' dir='ltr'>ipsius</span> <span class='ocrx_word' id='word_1_64' title='bbox 826 709 978 747; x_wconf 81' lang='lat' dir='ltr'>litterae</span> <span class='ocrx_word' id='word_1_65' title='bbox 1003 723 1022 747; x_wconf 94' lang='lat' dir='ltr'>s</span> <span class='ocrx_word' id='word_1_66' title='bbox 1046 709 1229 757; x_wconf 86' lang='lat' dir='ltr'>exemplis</span> <span class='ocrx_word' id='word_1_67' title='bbox 1253 704 1497 757; x_wconf 59' lang='lat' dir='ltr'>coarguiturss</span> 
     </span>
     <span class='ocr_line' id='line_1_9' title="bbox 181 773 1496 822; baseline -0.002 -9"><span class='ocrx_word' id='word_1_68' title='bbox 181 775 298 814; x_wconf 79' lang='lat' dir='ltr'>habes</span> <span class='ocrx_word' id='word_1_69' title='bbox 323 775 424 815; x_wconf 86' lang='lat' dir='ltr'>enim</span> <span class='ocrx_word' id='word_1_70' title='bbox 458 788 542 822; x_wconf 77' lang='lat' dir='ltr'>que:</span> <span class='ocrx_word' id='word_1_71' title='bbox 579 778 618 813; x_wconf 81' lang='lat' dir='ltr'>in</span> <span class='ocrx_word' id='word_1_72' title='bbox 646 777 794 813; x_wconf 76' lang='lat' dir='ltr'>tristitia</span> <span class='ocrx_word' id='word_1_73' title='bbox 817 786 1038 821; x_wconf 76' lang='lat' dir='ltr'>supervacua</span> <span class='ocrx_word' id='word_1_74' title='bbox 1060 776 1234 822; x_wconf 74' lang='lat' dir='ltr'>stultaque</span> <span class='ocrx_word' id='word_1_75' title='bbox 1258 773 1308 812; x_wconf 87' lang='lat' dir='ltr'>di.</span> <span class='ocrx_word' id='word_1_76' title='bbox 1335 773 1411 812; x_wconf 91' lang='lat' dir='ltr'>XII</span> <span class='ocrx_word' id='word_1_77' title='bbox 1436 774 1496 820; x_wconf 89' lang='grc'>16,</span> 
     </span>
     <span class='ocr_line' id='line_1_10' title="bbox 182 840 1497 889; baseline 0.001 -11"><span class='ocrx_word' id='word_1_78' title='bbox 182 841 216 878; x_wconf 87' lang='grc'>7.</span> <span class='ocrx_word' id='word_1_79' title='bbox 267 844 462 887; x_wconf 70' lang='lat' dir='ltr'>splendidis</span> <span class='ocrx_word' id='word_1_80' title='bbox 484 843 707 886; x_wconf 75' lang='lat' dir='ltr'>sordidisque</span> <span class='ocrx_word' id='word_1_81' title='bbox 732 850 790 889; x_wconf 68' lang='lat' dir='ltr'>ep.</span> <span class='ocrx_word' id='word_1_82' title='bbox 816 840 876 884; x_wconf 83' lang='lat'>44.</span> <span class='ocrx_word' id='word_1_83' title='bbox 912 840 948 878; x_wconf 87' lang='lat'>5.</span> <span class='ocrx_word' id='word_1_84' title='bbox 1000 843 1075 879; x_wconf 80' lang='lat' dir='ltr'>loca</span> <span class='ocrx_word' id='word_1_85' title='bbox 1099 844 1197 879; x_wconf 77' lang='lat' dir='ltr'>seria</span> <span class='ocrx_word' id='word_1_86' title='bbox 1226 845 1414 888; x_wconf 76' lang='lat' dir='ltr'>sanctaque</span> <span class='ocrx_word' id='word_1_87' title='bbox 1438 851 1497 889; x_wconf 88' lang='lat' dir='ltr'>ep.</span> 
     </span>
     <span class='ocr_line' id='line_1_11' title="bbox 181 904 1497 953; baseline 0 -10"><span class='ocrx_word' id='word_1_88' title='bbox 181 906 240 952; x_wconf 95' lang='lat'>51,</span> <span class='ocrx_word' id='word_1_89' title='bbox 272 906 329 944; x_wconf 90' lang='grc'>10.</span> <span class='ocrx_word' id='word_1_90' title='bbox 393 904 513 943; x_wconf 92' lang='lat' dir='ltr'>Immo</span> <span class='ocrx_word' id='word_1_91' title='bbox 550 914 627 942; x_wconf 90' lang='lat' dir='ltr'>non</span> <span class='ocrx_word' id='word_1_92' title='bbox 651 904 883 953; x_wconf 80' lang='lat' dir='ltr'>geminatam</span> <span class='ocrx_word' id='word_1_93' title='bbox 913 917 940 950; x_wconf 85' lang='lat' dir='ltr'>s,</span> <span class='ocrx_word' id='word_1_94' title='bbox 974 904 1040 943; x_wconf 86' lang='lat' dir='ltr'>sed</span> <span class='ocrx_word' id='word_1_95' title='bbox 1072 904 1278 953; x_wconf 83' lang='lat' dir='ltr'>simplicem</span> <span class='ocrx_word' id='word_1_96' title='bbox 1310 905 1359 943; x_wconf 88' lang='lat' dir='ltr'>in·</span> <span class='ocrx_word' id='word_1_97' title='bbox 1382 915 1497 944; x_wconf 79' lang='lat' dir='ltr'>causa</span> 
     </span>
     <span class='ocr_line' id='line_1_12' title="bbox 181 967 1493 1018; baseline 0.001 -10"><span class='ocrx_word' id='word_1_98' title='bbox 181 980 266 1009; x_wconf 81' lang='lat' dir='ltr'>esse</span> <span class='ocrx_word' id='word_1_99' title='bbox 290 970 397 1018; x_wconf 88' lang='lat' dir='ltr'>copia</span> <span class='ocrx_word' id='word_1_100' title='bbox 420 969 678 1017; x_wconf 87' lang='lat' dir='ltr'>exemplorum</span> <span class='ocrx_word' id='word_1_101' title='bbox 704 968 909 1007; x_wconf 88' lang='lat' dir='ltr'>verisimile</span> <span class='ocrx_word' id='word_1_102' title='bbox 932 967 988 1007; x_wconf 86' lang='lat' dir='ltr'>fit.</span> <span class='ocrx_word' id='word_1_103' title='bbox 1041 970 1093 1008; x_wconf 89' lang='lat' dir='ltr'>At</span> <span class='ocrx_word' id='word_1_104' title='bbox 1117 970 1161 1007; x_wconf 90' lang='lat' dir='ltr'>ut</span> <span class='ocrx_word' id='word_1_105' title='bbox 1179 969 1354 1008; x_wconf 83' lang='lat' dir='ltr'>videatur</span> <span class='ocrx_word' id='word_1_106' title='bbox 1378 979 1493 1017; x_wconf 82' lang='lat' dir='ltr'>quam</span> 
     </span>
    </p>
   </div>
   <div class='ocr_carea' id='block_1_3' title="bbox 181 1033 1549 1082">
    <p class='ocr_par' dir='ltr' id='par_1_3' title="bbox 181 1033 1549 1082">
     <span class='ocr_line' id='line_1_13' title="bbox 181 1033 1549 1082; baseline 0.001 -9"><span class='ocrx_word' id='word_1_107' title='bbox 181 1044 319 1082; x_wconf 84' lang='lat' dir='ltr'>parum</span> <span class='ocrx_word' id='word_1_108' title='bbox 343 1036 522 1073; x_wconf 79' lang='lat' dir='ltr'>constans</span> <span class='ocrx_word' id='word_1_109' title='bbox 557 1034 627 1072; x_wconf 89' lang='lat' dir='ltr'>sibi</span> <span class='ocrx_word' id='word_1_110' title='bbox 655 1033 706 1072; x_wconf 88' lang='lat' dir='ltr'>sit</span> <span class='ocrx_word' id='word_1_111' title='bbox 737 1035 882 1079; x_wconf 84' lang='lat' dir='ltr'><strong>auctor,</strong></span> <span class='ocrx_word' id='word_1_112' title='bbox 919 1044 941 1071; x_wconf 91' lang='lat' dir='ltr'>e</span> <span class='ocrx_word' id='word_1_113' title='bbox 974 1034 1163 1071; x_wconf 82' lang='lat' dir='ltr'>contraria</span> <span class='ocrx_word' id='word_1_114' title='bbox 1191 1037 1302 1081; x_wconf 75' lang='lat' dir='ltr'>parte</span> <span class='ocrx_word' id='word_1_115' title='bbox 1325 1034 1498 1073; x_wconf 79' lang='lat' dir='ltr'>adfertur</span> <span class='ocrx_word' id='word_1_116' title='bbox 1547 1074 1549 1076; x_wconf 79' lang='grc'>,</span> 
     </span>
    </p>
   </div>
   <div class='ocr_carea' id='block_1_4' title="bbox 179 1098 1498 1277">
    <p class='ocr_par' dir='ltr' id='par_1_4' title="bbox 179 1098 1498 1277">
     <span class='ocr_line' id='line_1_14' title="bbox 179 1098 1497 1146; baseline 0.001 -9"><span class='ocrx_word' id='word_1_117' title='bbox 179 1099 405 1138; x_wconf 84' lang='lat' dir='ltr'>adiectivum</span> <span class='ocrx_word' id='word_1_118' title='bbox 443 1102 603 1145; x_wconf 77' lang='lat' dir='ltr'>sotidmn,</span> <span class='ocrx_word' id='word_1_119' title='bbox 641 1098 741 1146; x_wconf 90' lang='lat' dir='ltr'>quod</span> <span class='ocrx_word' id='word_1_120' title='bbox 773 1108 841 1146; x_wconf 89' lang='lat' dir='ltr'>per</span> <span class='ocrx_word' id='word_1_121' title='bbox 874 1111 940 1145; x_wconf 76' lang='lat' dir='ltr'>que</span> <span class='ocrx_word' id='word_1_122' title='bbox 982 1108 1068 1136; x_wconf 90' lang='lat' dir='ltr'>cum</span> <span class='ocrx_word' id='word_1_123' title='bbox 1106 1098 1264 1136; x_wconf 80' lang='lat' dir='ltr'>dlversis</span> <span class='ocrx_word' id='word_1_124' title='bbox 1303 1098 1497 1138; x_wconf 86' lang='lat' dir='ltr'>adiectivis</span> 
     </span>
     <span class='ocr_line' id='line_1_15' title="bbox 184 1163 1498 1212; baseline -0.001 -9"><span class='ocrx_word' id='word_1_125' title='bbox 184 1164 426 1203; x_wconf 86' lang='lat' dir='ltr'>coniunctum</span> <span class='ocrx_word' id='word_1_126' title='bbox 452 1166 510 1202; x_wconf 84' lang='lat' dir='ltr'>est</span> <span class='ocrx_word' id='word_1_127' title='bbox 536 1174 597 1212; x_wconf 89' lang='lat' dir='ltr'>ep.</span> <span class='ocrx_word' id='word_1_128' title='bbox 624 1163 685 1211; x_wconf 86' lang='lat'>56,</span> <span class='ocrx_word' id='word_1_129' title='bbox 715 1164 771 1201; x_wconf 91' lang='grc'>11.</span> <span class='ocrx_word' id='word_1_130' title='bbox 798 1174 856 1212; x_wconf 91' lang='lat' dir='ltr'>ep.</span> <span class='ocrx_word' id='word_1_131' title='bbox 885 1163 946 1212; x_wconf 80' lang='lat'>72,</span> <span class='ocrx_word' id='word_1_132' title='bbox 971 1164 1007 1201; x_wconf 88' lang='lat'>5.</span> <span class='ocrx_word' id='word_1_133' title='bbox 1031 1174 1088 1210; x_wconf 89' lang='lat' dir='ltr'>ep.</span> <span class='ocrx_word' id='word_1_134' title='bbox 1115 1163 1176 1210; x_wconf 88' lang='lat'>95,</span> <span class='ocrx_word' id='word_1_135' title='bbox 1204 1164 1262 1202; x_wconf 87' lang='grc'>15.</span> <span class='ocrx_word' id='word_1_136' title='bbox 1289 1163 1338 1202; x_wconf 87' lang='lat' dir='ltr'>di.</span> <span class='ocrx_word' id='word_1_137' title='bbox 1355 1164 1408 1202; x_wconf 92' lang='lat' dir='ltr'>1v</span> <span class='ocrx_word' id='word_1_138' title='bbox 1438 1165 1498 1211; x_wconf 88' lang='lat'>15,</span> 
     </span>
     <span class='ocr_line' id='line_1_16' title="bbox 183 1227 1226 1277; baseline -0.001 -10"><span class='ocrx_word' id='word_1_139' title='bbox 183 1231 215 1268; x_wconf 90' lang='lat'>1.</span> <span class='ocrx_word' id='word_1_140' title='bbox 243 1229 278 1269; x_wconf 87' lang='lat' dir='ltr'>d.</span> <span class='ocrx_word' id='word_1_141' title='bbox 306 1230 342 1269; x_wconf 93' lang='lat' dir='ltr'>b.</span> <span class='ocrx_word' id='word_1_142' title='bbox 369 1230 424 1268; x_wconf 95' lang='lat' dir='ltr'>IV</span> <span class='ocrx_word' id='word_1_143' title='bbox 450 1230 484 1276; x_wconf 87' lang='lat'>5,</span> <span class='ocrx_word' id='word_1_144' title='bbox 510 1230 545 1267; x_wconf 87' lang='lat'>2.</span> <span class='ocrx_word' id='word_1_145' title='bbox 572 1240 642 1277; x_wconf 92' lang='lat' dir='ltr'>per</span> <span class='ocrx_word' id='word_1_146' title='bbox 668 1242 709 1268; x_wconf 82' lang='lat' dir='ltr'>ac</span> <span class='ocrx_word' id='word_1_147' title='bbox 734 1228 852 1267; x_wconf 82' lang='lat' dir='ltr'>semel</span> <span class='ocrx_word' id='word_1_148' title='bbox 877 1227 911 1266; x_wconf 91' lang='lat' dir='ltr'>d.</span> <span class='ocrx_word' id='word_1_149' title='bbox 938 1227 972 1267; x_wconf 92' lang='lat' dir='ltr'>b.</span> <span class='ocrx_word' id='word_1_150' title='bbox 998 1228 1074 1267; x_wconf 90' lang='lat' dir='ltr'>VII</span> <span class='ocrx_word' id='word_1_151' title='bbox 1100 1228 1161 1276; x_wconf 85' lang='lat'>26,</span> <span class='ocrx_word' id='word_1_152' title='bbox 1190 1229 1226 1267; x_wconf 91' lang='lat'>3.</span> 
     </span>
    </p>
   </div>
   <div class='ocr_carea' id='block_1_5' title="bbox 180 1302 1498 1812">
    <p class='ocr_par' dir='ltr' id='par_1_5' title="bbox 180 1302 1498 1812">
     <span class='ocr_line' id='line_1_17' title="bbox 298 1302 1494 1353; baseline 0.001 -10"><span class='ocrx_word' id='word_1_153' title='bbox 298 1308 337 1343; x_wconf 90' lang='lat' dir='ltr'><em>D</em></span> <span class='ocrx_word' id='word_1_154' title='bbox 362 1315 512 1353; x_wconf 89' lang='lat' dir='ltr'>quoque</span> <span class='ocrx_word' id='word_1_155' title='bbox 533 1304 742 1352; x_wconf 81' lang='lat' dir='ltr'>particulae</span> <span class='ocrx_word' id='word_1_156' title='bbox 766 1317 807 1342; x_wconf 79' lang='lat' dir='ltr'>ac</span> <span class='ocrx_word' id='word_1_157' title='bbox 830 1302 959 1342; x_wconf 83' lang='lat' dir='ltr'>favere</span> <span class='ocrx_word' id='word_1_158' title='bbox 984 1303 1041 1342; x_wconf 85' lang='lat' dir='ltr'>his</span> <span class='ocrx_word' id='word_1_159' title='bbox 1067 1304 1159 1343; x_wconf 87' lang='lat' dir='ltr'>locis</span> <span class='ocrx_word' id='word_1_160' title='bbox 1178 1305 1402 1353; x_wconf 81' lang='lat' dir='ltr'>conligitur:</span> <span class='ocrx_word' id='word_1_161' title='bbox 1429 1310 1494 1344; x_wconf 82' lang='lat' dir='ltr'>du-</span> 
     </span>
     <span class='ocr_line' id='line_1_18' title="bbox 180 1368 1496 1417; baseline 0 -9"><span class='ocrx_word' id='word_1_162' title='bbox 180 1384 261 1408; x_wconf 73' lang='lat' dir='ltr'>rum</span> <span class='ocrx_word' id='word_1_163' title='bbox 281 1383 323 1408; x_wconf 82' lang='lat' dir='ltr'>ac</span> <span class='ocrx_word' id='word_1_164' title='bbox 347 1372 492 1415; x_wconf 72' lang='lat' dir='ltr'>difficile</span> <span class='ocrx_word' id='word_1_165' title='bbox 516 1379 569 1416; x_wconf 87' lang='lat' dir='ltr'>ep.</span> <span class='ocrx_word' id='word_1_166' title='bbox 596 1369 657 1416; x_wconf 89' lang='lat'>20,</span> <span class='ocrx_word' id='word_1_167' title='bbox 691 1369 748 1406; x_wconf 88' lang='grc'>13.</span> <span class='ocrx_word' id='word_1_168' title='bbox 776 1379 835 1417; x_wconf 86' lang='lat' dir='ltr'>ep.</span> <span class='ocrx_word' id='word_1_169' title='bbox 862 1368 921 1415; x_wconf 87' lang='lat'>66,</span> <span class='ocrx_word' id='word_1_170' title='bbox 951 1368 1009 1407; x_wconf 85' lang='lat'>15.</span> <span class='ocrx_word' id='word_1_171' title='bbox 1036 1379 1093 1416; x_wconf 89' lang='lat' dir='ltr'>ep.</span> <span class='ocrx_word' id='word_1_172' title='bbox 1119 1369 1180 1417; x_wconf 86' lang='lat'>90,</span> <span class='ocrx_word' id='word_1_173' title='bbox 1210 1369 1267 1408; x_wconf 90' lang='grc'>15.</span> <span class='ocrx_word' id='word_1_174' title='bbox 1295 1372 1496 1408; x_wconf 78' lang='lat' dir='ltr'>detestabile</span> 
     </span>
     <span class='ocr_line' id='line_1_19' title="bbox 181 1434 1494 1483; baseline -0.002 -9"><span class='ocrx_word' id='word_1_175' title='bbox 181 1448 223 1474; x_wconf 88' lang='lat' dir='ltr'>ac</span> <span class='ocrx_word' id='word_1_176' title='bbox 248 1438 367 1473; x_wconf 81' lang='lat' dir='ltr'>dirum</span> <span class='ocrx_word' id='word_1_177' title='bbox 390 1446 448 1483; x_wconf 86' lang='lat' dir='ltr'>ep.</span> <span class='ocrx_word' id='word_1_178' title='bbox 479 1435 561 1481; x_wconf 94' lang='lat'>114,</span> <span class='ocrx_word' id='word_1_179' title='bbox 591 1434 651 1472; x_wconf 83' lang='lat'>24.</span> <span class='ocrx_word' id='word_1_180' title='bbox 704 1437 854 1472; x_wconf 82' lang='lat' dir='ltr'>diversis</span> <span class='ocrx_word' id='word_1_181' title='bbox 883 1447 924 1472; x_wconf 84' lang='lat' dir='ltr'>ac</span> <span class='ocrx_word' id='word_1_182' title='bbox 949 1437 1197 1472; x_wconf 77' lang='lat' dir='ltr'>dissidentibus</span> <span class='ocrx_word' id='word_1_183' title='bbox 1232 1434 1268 1472; x_wconf 91' lang='lat' dir='ltr'>d.</span> <span class='ocrx_word' id='word_1_184' title='bbox 1303 1434 1340 1472; x_wconf 94' lang='lat' dir='ltr'>b.</span> <span class='ocrx_word' id='word_1_185' title='bbox 1368 1434 1409 1472; x_wconf 93' lang='lat' dir='ltr'>II</span> <span class='ocrx_word' id='word_1_186' title='bbox 1434 1435 1494 1481; x_wconf 85' lang='lat'>29,</span> 
     </span>
     <span class='ocr_line' id='line_1_20' title="bbox 182 1498 1495 1546; baseline -0.001 -8"><span class='ocrx_word' id='word_1_187' title='bbox 182 1501 216 1539; x_wconf 87' lang='lat'>2.</span> <span class='ocrx_word' id='word_1_188' title='bbox 268 1503 457 1538; x_wconf 75' lang='lat' dir='ltr'>distentum</span> <span class='ocrx_word' id='word_1_189' title='bbox 483 1504 637 1538; x_wconf 78' lang='lat' dir='ltr'>ventrem</span> <span class='ocrx_word' id='word_1_190' title='bbox 661 1512 703 1537; x_wconf 84' lang='lat' dir='ltr'>ac</span> <span class='ocrx_word' id='word_1_191' title='bbox 726 1501 903 1537; x_wconf 82' lang='lat' dir='ltr'>desuetum</span> <span class='ocrx_word' id='word_1_192' title='bbox 932 1502 1004 1536; x_wconf 78' lang='lat' dir='ltr'>iam</span> <span class='ocrx_word' id='word_1_193' title='bbox 1036 1502 1169 1536; x_wconf 81' lang='lat' dir='ltr'>ventris</span> <span class='ocrx_word' id='word_1_194' title='bbox 1198 1501 1323 1544; x_wconf 68' lang='lat' dir='ltr'>officio.</span> <span class='ocrx_word' id='word_1_195' title='bbox 1352 1509 1409 1546; x_wconf 88' lang='lat' dir='ltr'>ep.</span> <span class='ocrx_word' id='word_1_196' title='bbox 1432 1498 1495 1546; x_wconf 87' lang='lat'>47,</span> 
     </span>
     <span class='ocr_line' id='line_1_21' title="bbox 181 1562 1496 1613; baseline -0.001 -10"><span class='ocrx_word' id='word_1_197' title='bbox 181 1566 216 1605; x_wconf 86' lang='lat'>2.</span> <span class='ocrx_word' id='word_1_198' title='bbox 270 1564 337 1604; x_wconf 89' lang='lat' dir='ltr'>His</span> <span class='ocrx_word' id='word_1_199' title='bbox 361 1565 462 1612; x_wconf 88' lang='lat' dir='ltr'>quod</span> <span class='ocrx_word' id='word_1_200' title='bbox 489 1574 675 1613; x_wconf 89' lang='lat' dir='ltr'>opponam</span> <span class='ocrx_word' id='word_1_201' title='bbox 714 1563 900 1613; x_wconf 88' lang='lat' dir='ltr'>repetitae</span> <span class='ocrx_word' id='word_1_202' title='bbox 938 1562 1090 1601; x_wconf 81' lang='lat' dir='ltr'>litterae</span> <span class='ocrx_word' id='word_1_203' title='bbox 1129 1567 1154 1601; x_wconf 81' lang='lat' dir='ltr'>d</span> <span class='ocrx_word' id='word_1_204' title='bbox 1180 1564 1395 1611; x_wconf 88' lang='lat' dir='ltr'>exemplum</span> <span class='ocrx_word' id='word_1_205' title='bbox 1422 1575 1496 1603; x_wconf 92' lang='lat' dir='ltr'>non</span> 
     </span>
     <span class='ocr_line' id='line_1_22' title="bbox 180 1628 1498 1678; baseline -0.002 -8"><span class='ocrx_word' id='word_1_206' title='bbox 180 1632 312 1670; x_wconf 87' lang='lat' dir='ltr'>habeo.</span> <span class='ocrx_word' id='word_1_207' title='bbox 370 1631 422 1668; x_wconf 89' lang='lat' dir='ltr'>At</span> <span class='ocrx_word' id='word_1_208' title='bbox 448 1630 614 1678; x_wconf 90' lang='lat' dir='ltr'>quinque</span> <span class='ocrx_word' id='word_1_209' title='bbox 640 1629 794 1677; x_wconf 86' lang='lat' dir='ltr'>insuper</span> <span class='ocrx_word' id='word_1_210' title='bbox 825 1629 917 1668; x_wconf 87' lang='lat' dir='ltr'>locis</span> <span class='ocrx_word' id='word_1_211' title='bbox 953 1628 1052 1667; x_wconf 90' lang='lat' dir='ltr'>idem</span> <span class='ocrx_word' id='word_1_212' title='bbox 1085 1628 1311 1668; x_wconf 78' lang='lat' dir='ltr'>adiectivum</span> <span class='ocrx_word' id='word_1_213' title='bbox 1353 1632 1498 1676; x_wconf 73' lang='lat' dir='ltr'>difficile</span> 
     </span>
     <span class='ocr_line' id='line_1_23' title="bbox 180 1694 1496 1744; baseline 0.001 -10"><span class='ocrx_word' id='word_1_214' title='bbox 180 1696 243 1734; x_wconf 93' lang='lat' dir='ltr'>alii</span> <span class='ocrx_word' id='word_1_215' title='bbox 271 1696 455 1735; x_wconf 88' lang='lat' dir='ltr'>adiectivo</span> <span class='ocrx_word' id='word_1_216' title='bbox 482 1706 552 1743; x_wconf 90' lang='lat' dir='ltr'>per</span> <span class='ocrx_word' id='word_1_217' title='bbox 575 1709 618 1734; x_wconf 82' lang='lat' dir='ltr'>ac</span> <span class='ocrx_word' id='word_1_218' title='bbox 645 1695 865 1734; x_wconf 87' lang='lat' dir='ltr'>adiunctum</span> <span class='ocrx_word' id='word_1_219' title='bbox 900 1694 976 1734; x_wconf 89' lang='lat' dir='ltr'>vidi</span> <span class='ocrx_word' id='word_1_220' title='bbox 1011 1706 1068 1743; x_wconf 90' lang='lat' dir='ltr'>ep.</span> <span class='ocrx_word' id='word_1_221' title='bbox 1098 1696 1181 1743; x_wconf 89' lang='lat'>111,</span> <span class='ocrx_word' id='word_1_222' title='bbox 1207 1696 1242 1734; x_wconf 89' lang='lat'>4.</span> <span class='ocrx_word' id='word_1_223' title='bbox 1277 1696 1328 1735; x_wconf 85' lang='lat' dir='ltr'>di.</span> <span class='ocrx_word' id='word_1_224' title='bbox 1354 1696 1409 1734; x_wconf 94' lang='lat' dir='ltr'>VI</span> <span class='ocrx_word' id='word_1_225' title='bbox 1434 1697 1496 1744; x_wconf 82' lang='lat'>23,</span> 
     </span>
     <span class='ocr_line' id='line_1_24' title="bbox 180 1760 1189 1812; baseline 0.001 -13"><span class='ocrx_word' id='word_1_226' title='bbox 180 1763 216 1800; x_wconf 89' lang='grc'>4.</span> <span class='ocrx_word' id='word_1_227' title='bbox 242 1762 292 1800; x_wconf 89' lang='lat' dir='ltr'>di.</span> <span class='ocrx_word' id='word_1_228' title='bbox 320 1761 375 1799; x_wconf 89' lang='lat' dir='ltr'>IX</span> <span class='ocrx_word' id='word_1_229' title='bbox 402 1763 439 1808; x_wconf 86' lang='lat'>2,</span> <span class='ocrx_word' id='word_1_230' title='bbox 465 1762 500 1800; x_wconf 87' lang='lat'>7.</span> <span class='ocrx_word' id='word_1_231' title='bbox 527 1761 562 1800; x_wconf 92' lang='lat' dir='ltr'>d.</span> <span class='ocrx_word' id='word_1_232' title='bbox 589 1761 625 1799; x_wconf 93' lang='lat' dir='ltr'>b.</span> <span class='ocrx_word' id='word_1_233' title='bbox 651 1762 691 1800; x_wconf 90' lang='lat' dir='ltr'><strong>H</strong></span> <span class='ocrx_word' id='word_1_234' title='bbox 719 1762 777 1807; x_wconf 86' lang='lat'>17,</span> <span class='ocrx_word' id='word_1_235' title='bbox 803 1761 836 1800; x_wconf 88' lang='lat'>7.</span> <span class='ocrx_word' id='word_1_236' title='bbox 864 1760 899 1800; x_wconf 91' lang='lat' dir='ltr'>d.</span> <span class='ocrx_word' id='word_1_237' title='bbox 926 1761 960 1800; x_wconf 91' lang='lat' dir='ltr'>b.</span> <span class='ocrx_word' id='word_1_238' title='bbox 987 1761 1043 1800; x_wconf 92' lang='lat' dir='ltr'>VI</span> <span class='ocrx_word' id='word_1_239' title='bbox 1068 1761 1130 1812; x_wconf 84' lang='lat'>43,</span> <span class='ocrx_word' id='word_1_240' title='bbox 1157 1761 1189 1800; x_wconf 89' lang='lat'>1.</span> 
     </span>
    </p>
   </div>
   <div class='ocr_carea' id='block_1_6' title="bbox 297 1840 1496 1890">
    <p class='ocr_par' dir='ltr' id='par_1_6' title="bbox 297 1840 1496 1890">
     <span class='ocr_line' id='line_1_25' title="bbox 297 1840 1496 1890; baseline 0 -10"><span class='ocrx_word' id='word_1_241' title='bbox 297 1841 396 1880; x_wconf 87' lang='lat' dir='ltr'>Item</span> <span class='ocrx_word' id='word_1_242' title='bbox 423 1840 585 1879; x_wconf 87' lang='lat' dir='ltr'>iteratae</span> <span class='ocrx_word' id='word_1_243' title='bbox 600 1855 627 1888; x_wconf 76' lang='lat' dir='ltr'>p</span> <span class='ocrx_word' id='word_1_244' title='bbox 642 1841 793 1879; x_wconf 84' lang='lat' dir='ltr'>litterae</span> <span class='ocrx_word' id='word_1_245' title='bbox 814 1840 996 1888; x_wconf 86' lang='lat' dir='ltr'>exemplis</span> <span class='ocrx_word' id='word_1_246' title='bbox 1011 1840 1165 1889; x_wconf 86' lang='lat' dir='ltr'>probari</span> <span class='ocrx_word' id='word_1_247' title='bbox 1182 1840 1341 1887; x_wconf 89' lang='lat' dir='ltr'>videtur,</span> <span class='ocrx_word' id='word_1_248' title='bbox 1365 1851 1496 1890; x_wconf 83' lang='lat' dir='ltr'>quam·</span> 
     </span>
    </p>
   </div>
   <div class='ocr_carea' id='block_1_7' title="bbox 180 1904 1579 1954">
    <p class='ocr_par' dir='ltr' id='par_1_7' title="bbox 180 1904 1579 1954">
     <span class='ocr_line' id='line_1_26' title="bbox 180 1904 1579 1954; baseline 0.001 -11"><span class='ocrx_word' id='word_1_249' title='bbox 180 1916 294 1954; x_wconf 82' lang='lat' dir='ltr'>quam</span> <span class='ocrx_word' id='word_1_250' title='bbox 320 1916 409 1954; x_wconf 85' lang='lat' dir='ltr'>pars</span> <span class='ocrx_word' id='word_1_251' title='bbox 437 1915 567 1943; x_wconf 90' lang='lat' dir='ltr'>eorum</span> <span class='ocrx_word' id='word_1_252' title='bbox 593 1918 658 1952; x_wconf 79' lang='lat' dir='ltr'>que</span> <span class='ocrx_word' id='word_1_253' title='bbox 683 1905 870 1954; x_wconf 82' lang='lat' dir='ltr'>particula</span> <span class='ocrx_word' id='word_1_254' title='bbox 901 1904 1057 1953; x_wconf 82' lang='lat' dir='ltr'>insignis</span> <span class='ocrx_word' id='word_1_255' title='bbox 1083 1907 1155 1952; x_wconf 83' lang='lat' dir='ltr'>est,</span> <span class='ocrx_word' id='word_1_256' title='bbox 1190 1904 1307 1944; x_wconf 83' lang='lat' dir='ltr'>aliam</span> <span class='ocrx_word' id='word_1_257' title='bbox 1333 1905 1409 1944; x_wconf 83' lang='lat' dir='ltr'>alia</span> <span class='ocrx_word' id='word_1_258' title='bbox 1434 1905 1494 1945; x_wconf 87' lang='lat' dir='ltr'>lit·</span> <span class='ocrx_word' id='word_1_259' title='bbox 1564 1910 1579 1922; x_wconf 57' lang='grc'><em>“</em></span> 
     </span>
    </p>
   </div>
   <div class='ocr_carea' id='block_1_8' title="bbox 180 1967 1499 2439">
    <p class='ocr_par' dir='ltr' id='par_1_8' title="bbox 180 1967 1447 2020">
     <span class='ocr_line' id='line_1_27' title="bbox 180 1967 1447 2020; baseline -0.001 -11"><span class='ocrx_word' id='word_1_260' title='bbox 180 1973 303 2009; x_wconf 81' lang='lat' dir='ltr'>teram</span> <span class='ocrx_word' id='word_1_261' title='bbox 329 1969 537 2018; x_wconf 84' lang='lat' dir='ltr'>gratiorem</span> <span class='ocrx_word' id='word_1_262' title='bbox 565 1980 644 2008; x_wconf 86' lang='lat' dir='ltr'>esse</span> <span class='ocrx_word' id='word_1_263' title='bbox 670 1968 751 2009; x_wconf 88' lang='lat' dir='ltr'>voci</span> <span class='ocrx_word' id='word_1_264' title='bbox 775 1983 828 2009; x_wconf 83' lang='lat' dir='ltr'>ac.</span> <span class='ocrx_word' id='word_1_265' title='bbox 878 1969 952 2009; x_wconf 87' lang='lat' dir='ltr'>Illa</span> <span class='ocrx_word' id='word_1_266' title='bbox 980 1968 1078 2008; x_wconf 89' lang='lat' dir='ltr'>enim</span> <span class='ocrx_word' id='word_1_267' title='bbox 1104 1967 1163 2008; x_wconf 85' lang='lat' dir='ltr'>his</span> <span class='ocrx_word' id='word_1_268' title='bbox 1189 1969 1279 2008; x_wconf 88' lang='lat' dir='ltr'>locis</span> <span class='ocrx_word' id='word_1_269' title='bbox 1304 1968 1447 2020; x_wconf 84' lang='lat' dir='ltr'>legitur</span> 
     </span>
    </p>

    <p class='ocr_par' dir='ltr' id='par_1_9' title="bbox 261 2048 1499 2439">
     <span class='ocr_line' id='line_1_28' title="bbox 261 2048 1494 2092; baseline 0.002 -11"><span class='ocrx_word' id='word_1_270' title='bbox 261 2049 416 2090; x_wconf 75' lang='lat' dir='ltr'>publicae</span> <span class='ocrx_word' id='word_1_271' title='bbox 431 2048 616 2090; x_wconf 75' lang='lat' dir='ltr'>privataeq.</span> <span class='ocrx_word' id='word_1_272' title='bbox 642 2058 740 2081; x_wconf 83' lang='lat' dir='ltr'>curae</span> <span class='ocrx_word' id='word_1_273' title='bbox 768 2049 814 2080; x_wconf 91' lang='lat' dir='ltr'>di.</span> <span class='ocrx_word' id='word_1_274' title='bbox 841 2049 887 2080; x_wconf 85' lang='lat' dir='ltr'>IX</span> <span class='ocrx_word' id='word_1_275' title='bbox 919 2052 948 2089; x_wconf 93' lang='lat'>1,</span> <span class='ocrx_word' id='word_1_276' title='bbox 982 2051 1032 2081; x_wconf 93' lang='lat'>11.</span> <span class='ocrx_word' id='word_1_277' title='bbox 1081 2050 1264 2091; x_wconf 77' lang='lat' dir='ltr'>propiorem</span> <span class='ocrx_word' id='word_1_278' title='bbox 1280 2050 1494 2092; x_wconf 68' lang='lat' dir='ltr'>planiorem.</span> 
     </span>
     <span class='ocr_line' id='line_1_29' title="bbox 263 2106 1499 2150; baseline 0.002 -11"><span class='ocrx_word' id='word_1_279' title='bbox 263 2117 314 2149; x_wconf 87' lang='lat' dir='ltr'>ep.</span> <span class='ocrx_word' id='word_1_280' title='bbox 339 2107 392 2148; x_wconf 88' lang='lat'>33,</span> <span class='ocrx_word' id='word_1_281' title='bbox 417 2108 466 2139; x_wconf 86' lang='grc'>11.</span> <span class='ocrx_word' id='word_1_282' title='bbox 505 2106 695 2149; x_wconf 73' lang='lat' dir='ltr'>proficienti</span> <span class='ocrx_word' id='word_1_283' title='bbox 711 2110 893 2149; x_wconf 78' lang='lat' dir='ltr'>prouectoq.</span> <span class='ocrx_word' id='word_1_284' title='bbox 915 2117 967 2150; x_wconf 88' lang='lat' dir='ltr'>ep.</span> <span class='ocrx_word' id='word_1_285' title='bbox 991 2107 1044 2149; x_wconf 90' lang='lat'>35,</span> <span class='ocrx_word' id='word_1_286' title='bbox 1066 2108 1097 2141; x_wconf 88' lang='lat'>4.</span> <span class='ocrx_word' id='word_1_287' title='bbox 1137 2107 1289 2150; x_wconf 76' lang='lat' dir='ltr'>perditae</span> <span class='ocrx_word' id='word_1_288' title='bbox 1307 2107 1395 2142; x_wconf 79' lang='lat' dir='ltr'>vitae</span> <span class='ocrx_word' id='word_1_289' title='bbox 1412 2108 1499 2150; x_wconf 77' lang='lat' dir='ltr'>peri·</span> 
     </span>
     <span class='ocr_line' id='line_1_30' title="bbox 267 2163 1498 2208; baseline 0.001 -11"><span class='ocrx_word' id='word_1_290' title='bbox 267 2167 393 2206; x_wconf 75' lang='lat' dir='ltr'>tmaeq.</span> <span class='ocrx_word' id='word_1_291' title='bbox 415 2175 467 2206; x_wconf 89' lang='lat' dir='ltr'>ep.</span> <span class='ocrx_word' id='word_1_292' title='bbox 490 2165 543 2206; x_wconf 88' lang='lat'>48,</span> <span class='ocrx_word' id='word_1_293' title='bbox 565 2165 595 2196; x_wconf 88' lang='lat'>8.</span> <span class='ocrx_word' id='word_1_294' title='bbox 656 2163 923 2206; x_wconf 78' lang='lat' dir='ltr'>prudentissimis</span> <span class='ocrx_word' id='word_1_295' title='bbox 949 2165 1144 2208; x_wconf 76' lang='lat' dir='ltr'>piissimisq.</span> <span class='ocrx_word' id='word_1_296' title='bbox 1176 2166 1221 2199; x_wconf 89' lang='lat' dir='ltr'>di.</span> <span class='ocrx_word' id='word_1_297' title='bbox 1244 2165 1291 2198; x_wconf 89' lang='lat' dir='ltr'>XI</span> <span class='ocrx_word' id='word_1_298' title='bbox 1324 2167 1355 2208; x_wconf 86' lang='lat'>7,</span> <span class='ocrx_word' id='word_1_299' title='bbox 1375 2166 1406 2198; x_wconf 84' lang='lat'>4.</span> <span class='ocrx_word' id='word_1_300' title='bbox 1462 2167 1498 2199; x_wconf 76' lang='lat' dir='ltr'>at</span> 
     </span>
     <span class='ocr_line' id='line_1_31' title="bbox 264 2222 1498 2265; baseline 0.001 -10"><span class='ocrx_word' id='word_1_301' title='bbox 264 2222 435 2259; x_wconf 24' lang='lat' dir='ltr'>haecAhis:</span> <span class='ocrx_word' id='word_1_302' title='bbox 455 2222 626 2263; x_wconf 66' lang='lat' dir='ltr'>privatum</span> <span class='ocrx_word' id='word_1_303' title='bbox 652 2231 692 2255; x_wconf 84' lang='lat' dir='ltr'>ac</span> <span class='ocrx_word' id='word_1_304' title='bbox 714 2222 883 2263; x_wconf 76' lang='lat' dir='ltr'>publicum</span> <span class='ocrx_word' id='word_1_305' title='bbox 905 2222 950 2255; x_wconf 89' lang='lat' dir='ltr'>di.</span> <span class='ocrx_word' id='word_1_306' title='bbox 972 2223 988 2256; x_wconf 95' lang='lat'>1</span> <span class='ocrx_word' id='word_1_307' title='bbox 1011 2224 1042 2264; x_wconf 88' lang='lat'>5,</span> <span class='ocrx_word' id='word_1_308' title='bbox 1074 2226 1104 2256; x_wconf 92' lang='grc'>7.</span> <span class='ocrx_word' id='word_1_309' title='bbox 1128 2223 1158 2256; x_wconf 88' lang='lat' dir='ltr'>d.</span> <span class='ocrx_word' id='word_1_310' title='bbox 1183 2224 1216 2256; x_wconf 90' lang='lat' dir='ltr'>b.</span> <span class='ocrx_word' id='word_1_311' title='bbox 1241 2223 1256 2255; x_wconf 95' lang='lat'>1</span> <span class='ocrx_word' id='word_1_312' title='bbox 1282 2224 1334 2265; x_wconf 90' lang='grc'>10,</span> <span class='ocrx_word' id='word_1_313' title='bbox 1358 2224 1387 2256; x_wconf 86' lang='grc'>2.</span> <span class='ocrx_word' id='word_1_314' title='bbox 1410 2224 1443 2256; x_wconf 89' lang='lat' dir='ltr'>d.</span> <span class='ocrx_word' id='word_1_315' title='bbox 1465 2224 1498 2257; x_wconf 93' lang='lat' dir='ltr'>b.</span> 
     </span>
     <span class='ocr_line' id='line_1_32' title="bbox 267 2278 1499 2324; baseline 0.003 -12"><span class='ocrx_word' id='word_1_316' title='bbox 267 2280 313 2312; x_wconf 87' lang='lat' dir='ltr'>IV</span> <span class='ocrx_word' id='word_1_317' title='bbox 333 2281 365 2317; x_wconf 80' lang='lat'>4.</span> <span class='ocrx_word' id='word_1_318' title='bbox 383 2281 413 2313; x_wconf 87' lang='lat'>2.</span> <span class='ocrx_word' id='word_1_319' title='bbox 455 2280 622 2321; x_wconf 76' lang='lat' dir='ltr'>publicum</span> <span class='ocrx_word' id='word_1_320' title='bbox 643 2290 684 2313; x_wconf 84' lang='lat' dir='ltr'>ae</span> <span class='ocrx_word' id='word_1_321' title='bbox 704 2280 875 2322; x_wconf 69' lang='lat' dir='ltr'>privatim</span> <span class='ocrx_word' id='word_1_322' title='bbox 896 2280 941 2313; x_wconf 85' lang='lat' dir='ltr'>di.</span> <span class='ocrx_word' id='word_1_323' title='bbox 965 2281 996 2313; x_wconf 94' lang='lat'>11</span> <span class='ocrx_word' id='word_1_324' title='bbox 1017 2283 1069 2323; x_wconf 87' lang='grc'>18,</span> <span class='ocrx_word' id='word_1_325' title='bbox 1091 2283 1120 2315; x_wconf 85' lang='lat'>3.</span> <span class='ocrx_word' id='word_1_326' title='bbox 1171 2278 1345 2324; x_wconf 57' lang='lat' dir='ltr'>potentius</span> <span class='ocrx_word' id='word_1_327' title='bbox 1368 2292 1408 2315; x_wconf 84' lang='lat' dir='ltr'>ae</span> <span class='ocrx_word' id='word_1_328' title='bbox 1423 2291 1499 2324; x_wconf 81' lang='lat' dir='ltr'>pre-</span> 
     </span>
     <span class='ocr_line' id='line_1_33' title="bbox 267 2337 1498 2383; baseline 0.002 -13"><span class='ocrx_word' id='word_1_329' title='bbox 267 2337 386 2370; x_wconf 77' lang='lat' dir='ltr'>tiosius</span> <span class='ocrx_word' id='word_1_330' title='bbox 408 2349 457 2379; x_wconf 85' lang='lat' dir='ltr'>ep.</span> <span class='ocrx_word' id='word_1_331' title='bbox 480 2338 531 2379; x_wconf 89' lang='lat'>65,</span> <span class='ocrx_word' id='word_1_332' title='bbox 555 2339 607 2369; x_wconf 88' lang='lat'>23.</span> <span class='ocrx_word' id='word_1_333' title='bbox 649 2338 826 2379; x_wconf 76' lang='lat' dir='ltr'>proprium</span> <span class='ocrx_word' id='word_1_334' title='bbox 848 2348 886 2371; x_wconf 84' lang='lat' dir='ltr'>ac</span> <span class='ocrx_word' id='word_1_335' title='bbox 902 2339 1068 2380; x_wconf 76' lang='lat' dir='ltr'>peculiare</span> <span class='ocrx_word' id='word_1_336' title='bbox 1091 2351 1143 2382; x_wconf 89' lang='lat' dir='ltr'>ep.</span> <span class='ocrx_word' id='word_1_337' title='bbox 1170 2342 1241 2383; x_wconf 76' lang='lat'>122,</span> <span class='ocrx_word' id='word_1_338' title='bbox 1264 2342 1295 2373; x_wconf 85' lang='grc'>9.</span> <span class='ocrx_word' id='word_1_339' title='bbox 1342 2340 1437 2382; x_wconf 77' lang='lat' dir='ltr'>prior</span> <span class='ocrx_word' id='word_1_340' title='bbox 1459 2349 1498 2373; x_wconf 84' lang='lat' dir='ltr'>ac</span> 
     </span>
     <span class='ocr_line' id='line_1_34' title="bbox 261 2394 1409 2439; baseline 0.001 -10"><span class='ocrx_word' id='word_1_341' title='bbox 261 2395 375 2438; x_wconf 75' lang='lat' dir='ltr'>potior</span> <span class='ocrx_word' id='word_1_342' title='bbox 397 2396 429 2429; x_wconf 89' lang='lat' dir='ltr'>d.</span> <span class='ocrx_word' id='word_1_343' title='bbox 451 2396 483 2429; x_wconf 93' lang='lat' dir='ltr'>b.</span> <span class='ocrx_word' id='word_1_344' title='bbox 506 2394 567 2429; x_wconf 82' lang='lat' dir='ltr'>vn</span> <span class='ocrx_word' id='word_1_345' title='bbox 593 2397 643 2438; x_wconf 84' lang='lat'>19,</span> <span class='ocrx_word' id='word_1_346' title='bbox 665 2396 695 2429; x_wconf 89' lang='grc'>9.</span> <span class='ocrx_word' id='word_1_347' title='bbox 734 2395 866 2439; x_wconf 77' lang='lat' dir='ltr'>placidi</span> <span class='ocrx_word' id='word_1_348' title='bbox 887 2406 925 2430; x_wconf 83' lang='lat' dir='ltr'>ae</span> <span class='ocrx_word' id='word_1_349' title='bbox 947 2397 1091 2439; x_wconf 77' lang='lat' dir='ltr'>propitii</span> <span class='ocrx_word' id='word_1_350' title='bbox 1109 2397 1143 2430; x_wconf 88' lang='lat' dir='ltr'>d.</span> <span class='ocrx_word' id='word_1_351' title='bbox 1164 2398 1197 2430; x_wconf 93' lang='lat' dir='ltr'>b.</span> <span class='ocrx_word' id='word_1_352' title='bbox 1220 2396 1280 2430; x_wconf 87' lang='lat' dir='ltr'>v11</span> <span class='ocrx_word' id='word_1_353' title='bbox 1305 2399 1356 2438; x_wconf 85' lang='lat'>31,</span> <span class='ocrx_word' id='word_1_354' title='bbox 1378 2399 1409 2430; x_wconf 89' lang='lat'>4.</span> 
     </span>
    </p>
   </div>
   <div class='ocr_carea' id='block_1_9' title="bbox 180 2469 1499 2652">
    <p class='ocr_par' dir='ltr' id='par_1_10' title="bbox 180 2469 1499 2652">
     <span class='ocr_line' id='line_1_35' title="bbox 298 2469 1495 2520; baseline 0.004 -13"><span class='ocrx_word' id='word_1_355' title='bbox 298 2469 382 2508; x_wconf 88' lang='lat' dir='ltr'>Iam</span> <span class='ocrx_word' id='word_1_356' title='bbox 410 2481 499 2509; x_wconf 90' lang='lat' dir='ltr'>vero</span> <span class='ocrx_word' id='word_1_357' title='bbox 523 2473 569 2509; x_wconf 91' lang='lat' dir='ltr'>ut</span> <span class='ocrx_word' id='word_1_358' title='bbox 593 2470 648 2508; x_wconf 90' lang='lat' dir='ltr'>eis</span> <span class='ocrx_word' id='word_1_359' title='bbox 673 2471 738 2517; x_wconf 90' lang='lat' dir='ltr'>qui</span> <span class='ocrx_word' id='word_1_360' title='bbox 771 2471 809 2508; x_wconf 92' lang='lat' dir='ltr'>in</span> <span class='ocrx_word' id='word_1_361' title='bbox 835 2474 1019 2510; x_wconf 87' lang='lat' dir='ltr'>concentu</span> <span class='ocrx_word' id='word_1_362' title='bbox 1044 2472 1252 2520; x_wconf 85' lang='lat' dir='ltr'>primarum</span> <span class='ocrx_word' id='word_1_363' title='bbox 1279 2472 1495 2513; x_wconf 81' lang='lat' dir='ltr'>litterarum</span> 
     </span>
     <span class='ocr_line' id='line_1_36' title="bbox 182 2536 1499 2586; baseline 0.002 -13"><span class='ocrx_word' id='word_1_364' title='bbox 182 2537 418 2575; x_wconf 86' lang='lat' dir='ltr'>momentum</span> <span class='ocrx_word' id='word_1_365' title='bbox 451 2537 597 2583; x_wconf 89' lang='lat' dir='ltr'>ponant</span> <span class='ocrx_word' id='word_1_366' title='bbox 627 2545 783 2584; x_wconf 85' lang='lat' dir='ltr'>prorsus</span> <span class='ocrx_word' id='word_1_367' title='bbox 814 2545 921 2574; x_wconf 88' lang='lat' dir='ltr'>error</span> <span class='ocrx_word' id='word_1_368' title='bbox 945 2536 1147 2584; x_wconf 82' lang='lat' dir='ltr'>eximatur,</span> <span class='ocrx_word' id='word_1_369' title='bbox 1177 2536 1210 2575; x_wconf 89' lang='lat' dir='ltr'>ei</span> <span class='ocrx_word' id='word_1_370' title='bbox 1238 2541 1499 2586; x_wconf 81' lang='lat' dir='ltr'>proponantur</span> 
     </span>
     <span class='ocr_line' id='line_1_37' title="bbox 180 2599 1495 2652; baseline 0.004 -15"><span class='ocrx_word' id='word_1_371' title='bbox 180 2599 252 2638; x_wconf 92' lang='lat' dir='ltr'>loci</span> <span class='ocrx_word' id='word_1_372' title='bbox 277 2600 340 2638; x_wconf 91' lang='lat' dir='ltr'>ubi</span> <span class='ocrx_word' id='word_1_373' title='bbox 367 2600 442 2638; x_wconf 89' lang='lat' dir='ltr'>duo</span> <span class='ocrx_word' id='word_1_374' title='bbox 460 2600 647 2639; x_wconf 84' lang='lat' dir='ltr'>adiectiva</span> <span class='ocrx_word' id='word_1_375' title='bbox 665 2601 724 2639; x_wconf 92' lang='lat' dir='ltr'>vel</span> <span class='ocrx_word' id='word_1_376' title='bbox 752 2603 795 2639; x_wconf 86' lang='lat' dir='ltr'>ut</span> <span class='ocrx_word' id='word_1_377' title='bbox 821 2601 915 2639; x_wconf 91' lang='lat' dir='ltr'>haec</span> <span class='ocrx_word' id='word_1_378' title='bbox 940 2602 975 2639; x_wconf 93' lang='lat' dir='ltr'>in</span> <span class='ocrx_word' id='word_1_379' title='bbox 994 2612 1146 2641; x_wconf 83' lang='lat' dir='ltr'>censum</span> <span class='ocrx_word' id='word_1_380' title='bbox 1173 2602 1383 2651; x_wconf 82' lang='lat' dir='ltr'>adsumam,</span> <span class='ocrx_word' id='word_1_381' title='bbox 1410 2614 1495 2652; x_wconf 81' lang='lat' dir='ltr'>par-</span> 
     </span>
    </p>
   </div>
  </div>
 </body>
</html>
