1735 2760
871 140 903 193 ‘3

878 333 909 373 Ι.

352 394 494 450 Notum
528 414 589 451 est
624 412 669 451 ‘ac
707 410 782 450 non
820 412 909 460 poni
948 414 1038 450 ante
1076 413 1225 451 litteras
1250 413 1401 452 vocales
1436 415 1476 451 et
1508 414 1544 449 h.

234 472 304 515 Cui
340 475 416 525 legi
456 478 502 516 ut
529 474 710 516 Senecam
748 486 899 525 quoque
937 486 978 516 se
1003 475 1214 526 adplicasse
1239 476 1427 525 dicamus,
1467 476 1543 516 duo

234 541 443 590 corrigendi
467 541 574 582 nobis
597 540 686 582 sunt
708 542 791 582 loci.
841 541 995 583 Litteris
1018 546 1148 583 autem
1165 543 1456 583 consonantibus
1469 553 1543 581 non

163 616 168 619 ’
233 616 355 656 aeque
389 605 519 646 favere
555 607 782 665 particulam
818 620 866 647 ex
891 608 962 648 hac
985 607 1136 655 tabula,
1175 609 1214 647 in
1240 619 1318 657 qua
1342 618 1388 647 ea
1413 608 1544 647 littera

231 672 295 712 cui
319 672 543 721 saepissime
566 683 650 712 sese
676 673 851 722 adiungit
875 687 928 720 ac,
956 674 1121 722 primum
1140 674 1262 713 locum
1281 676 1399 722 tenet,
1424 673 1544 713 mani-

232 735 372 777 festum
410 737 502 777 erit:
542 752 609 786 sp
634 742 660 778 d
682 752 719 778 m
743 741 757 778 l
780 752 802 778 v
830 743 895 786 fr
920 744 936 778 t
958 754 984 778 n
1007 742 1027 778 b
1052 743 1067 778 i
1092 754 1115 788 q
1139 753 1169 779 c.
1221 737 1361 789 Negari
1392 737 1543 788 quidem

233 811 308 840 non
342 805 469 850 potest
491 803 635 842 variam
674 803 773 843 hanc
808 803 1066 852 exemplorum
1102 803 1354 851 frequentiam
1379 802 1543 851 pendere

233 866 510 915 quodammodo
544 878 591 907 ex
630 868 774 907 maiore
798 868 858 907 vel
881 868 1024 908 minore
1048 878 1179 907 eorum
1206 868 1314 918 copia
1340 867 1542 906 verborum

233 942 333 980 quae
368 944 393 973 a
430 933 587 983 singulis
624 933 764 974 litteris
801 933 989 984 incipiant.
1041 932 1093 973 At
1123 933 1224 983 quod
1250 932 1433 982 conligati
1458 942 1541 973 sese

232 1003 318 1037 cum
356 997 496 1038 litteris
532 998 790 1047 gutturalibus
828 1013 851 1047 q
881 1001 921 1038 et
950 1014 974 1048 9
1012 1009 1126 1048 aegre
1161 999 1308 1047 patitur
1321 998 1350 1048 ¹)
1378 1020 1421 1026 —
1451 1009 1539 1036 nam

232 1062 350 1102 semel
373 1065 525 1102 tantum
550 1066 639 1103 ante
664 1079 698 1112 q,
740 1074 927 1113 nusquam
954 1066 1043 1103 ante
1068 1079 1093 1114 9
1115 1063 1256 1113 legitur
1285 1084 1327 1091 —-
1357 1073 1432 1102 non
1458 1063 1542 1102 sola

231 1128 366 1185 talium
395 1129 594 1170 verborum
635 1130 795 1189 raritate
826 1129 1056 1180 explicatum
1095 1133 1176 1169 tum
1203 1133 1293 1168 ante
1318 1143 1336 1168 c
1361 1129 1541 1177 litteram,
1567 1144 1571 1146 ·

232 1203 309 1240 qua
345 1192 425 1233 fere
462 1194 569 1233 nulla
603 1195 680 1233 alia
701 1196 853 1244 saepius
883 1195 930 1234 ab
957 1195 1064 1233 initio
1094 1194 1296 1233 verborum
1322 1194 1445 1242 posita
1469 1196 1540 1239 est,

235 1269 308 1297 uno
334 1260 491 1308 excepto
515 1258 597 1298 loco
623 1270 697 1299 non
723 1259 922 1299 invenitur.
975 1258 1122 1309 Quippe
1146 1258 1320 1298 molestia
1344 1262 1392 1297 et
1401 1258 1541 1296 duritia

232 1325 316 1364 soni
342 1324 520 1373 prohibiti
546 1325 707 1365 Romani
732 1325 917 1372 videntur,
945 1325 1146 1374 quominus
1171 1324 1242 1364 has
1268 1325 1419 1363 litteras
1443 1334 1542 1363 com·

231 1390 438 1431 mitterent,
489 1384 629 1430 Contra
650 1402 725 1431 uno
749 1392 919 1433 alterove
948 1391 1122 1440 exemplo
1148 1401 1354 1437 movemur,
1385 1392 1429 1428 ut
1452 1388 1541 1428 faci-

231 1455 342 1494 IItate
364 1456 528 1505 quadam
555 1460 733 1505 putemus
758 1459 798 1496 et
821 1457 1011 1495 suavitate
1036 1456 1135 1495 hanc
1160 1456 1219 1494 vel
1243 1453 1347 1494 illam
1369 1454 1538 1494 litteram

232 1519 417 1575 praeferri
446 1532 471 1560 a
502 1520 757 1570 scriptoribus.
809 1521 906 1561 Hinc
940 1523 1031 1560 ante
1057 1534 1077 1560 s
1102 1523 1141 1559 et
1166 1524 1191 1559 d
1212 1523 1250 1559 et
1274 1519 1396 1569 magis
1423 1519 1539 1558 etiam

232 1589 322 1626 ante
344 1590 358 1626 l
383 1585 563 1627 Senecam
603 1601 645 1626 ac
683 1588 856 1637 posuisse
892 1587 1072 1636 suspicor.
1124 1586 1219 1625 Hinc
1246 1586 1361 1625 etiam
1386 1595 1539 1624 causam

233 1654 380 1701 repeto,
413 1663 482 1692 cur
508 1651 661 1692 Curtius
686 1652 836 1702 saepius
856 1663 971 1702 quam
998 1654 1086 1691 ante
1105 1654 1252 1690 ceteras
1277 1650 1427 1689 litteras
1453 1650 1542 1689 ante

231 1731 257 1756 n
280 1716 495 1757 adbibuerit
518 1731 570 1756 ac.
622 1716 748 1766 Atque
773 1727 930 1766 perrara
947 1716 1055 1755 initio
1069 1716 1269 1756 verborum
1288 1715 1382 1754 haec
1398 1714 1540 1754 littera.

231 1781 380 1822 Obicies
419 1782 518 1822 inter
542 1782 591 1821 26
623 1781 693 1821 hos
716 1782 818 1821 locos
840 1784 901 1821 ter
926 1784 1016 1821 ante
1044 1781 1342 1821 coniunctionem
1366 1793 1427 1826 ne,
1465 1782 1542 1819 ter-

231 1847 353 1888 decies
378 1850 468 1886 ante
490 1851 691 1895 ne-qwidem
715 1847 879 1896 positum
904 1858 989 1887 esse
1013 1861 1066 1894 ac,
1091 1858 1166 1887 non
1192 1848 1347 1894 propter
1364 1848 1540 1883 naturam

231 1910 367 1952 harum
404 1912 621 1950 litterarum
658 1910 898 1951 familiariter
934 1911 1034 1950 inter
1073 1922 1114 1951 se
1150 1910 1449 1950 convenientium
1474 1909 1541 1947 sed

230 1985 306 2024 quo
355 1974 628 2025 significantius
674 1990 717 2015 ac
758 1976 945 2025 particula
986 1986 1085 2015 nova
1124 1985 1185 2014 res
1227 1972 1541 2021 praecedentibus

230 2039 495 2090 subiungatur.
546 2040 728 2081 Attamen
753 2040 855 2081 valet
878 2039 979 2092 quod
1004 2040 1053 2079 ad
1067 2039 1254 2081 Ciceronis
1280 2038 1320 2077 in
1335 2038 1540 2078 Caecilium

229 2103 498 2146 divinationem
523 2105 584 2152 20,
611 2104 659 2143 67
677 2104 895 2144 observavit
911 2103 1120 2154 Zumptius,
1148 2118 1189 2144 ac
1206 2115 1436 2153 propensum
1455 2114 1541 2143 esse

233 2167 282 2208 ad
307 2168 483 2218 liquidas.

348 2232 520 2282 Denique
550 2239 656 2283 atque
680 2233 802 2274 forma
828 2234 990 2285 amplior
1013 2234 1121 2274 cuius
1145 2235 1265 2275 multo
1292 2234 1456 2275 crebrior
1482 2237 1541 2274 est

179 2332 183 2337 .
230 2310 322 2340 usus
356 2302 446 2339 ante
472 2299 629 2339 vocales
648 2309 764 2347 quam
790 2302 1057 2348 consonantes,
1093 2310 1213 2348 aeque
1238 2299 1338 2350 fugit
1364 2302 1538 2349 guttura-

228 2364 321 2404 lium
356 2375 578 2404 concursum
613 2375 682 2404 uec
709 2374 890 2413 umquam
915 2366 1006 2403 ante
1031 2379 1056 2413 9
1081 2369 1122 2404 et
1144 2379 1185 2414 q,
1222 2376 1379 2414 perraro
1405 2368 1494 2403 ante
1523 2379 1541 2403 e

172 2438 179 2446 ·
230 2430 382 2481 legitur.

353 2545 377 2586 ¹)
399 2544 442 2577 cf.
464 2543 509 2577 Μ.
532 2543 671 2585 Hauptii
694 2553 807 2585 opusc.
831 2543 855 2576 1.
882 2544 942 2575 10⁶7
969 2553 1042 2584 sqq.
