1735 2760
749 109 866 161 '41

193 241 241 279 di.
268 241 301 279 V
323 243 391 289 -33,
418 244 452 280 3.
479 243 528 281 di.
554 242 626 282 VH
656 244 713 291 12,
743 244 775 281 1.
802 244 837 281 d.
865 243 898 280 b.
934 243 993 281 III
1020 244 1080 288 36,
1107 243 1142 279 3.
1176 255 1217 279 ac
1241 254 1311 287 pro
1342 241 1376 278 d.
1410 240 1454 278 cl.
1482 241 1500 277 I

194 307 250 355 19,
264 308 298 345 3.
312 306 360 346 di.
373 307 447 345 VII
463 308 518 355 14,
532 309 566 346 3.
596 307 702 346 Unus
715 309 847 345 contra
863 306 966 344 locus
979 306 1027 344 ab
1041 306 1098 343 his
1112 305 1301 352 discrepat
1315 303 1450 342 litteris
1459 306 1502 341 de

191 385 229 410 se
252 386 293 410 ac
318 377 361 411 de
388 378 570 419 republica
583 373 631 411 di.
648 373 703 411 IX
719 373 824 421 16,1.
851 376 977 418 Atque
1003 370 1207 420 bisyllabae
1233 369 1500 417 praepositioni

193 436 380 475 antecedit
404 451 446 476 ac
470 448 506 475 n.
538 448 572 484 q.
587 437 657 476 VII
685 438 718 485 1,
743 438 768 475 4
792 442 824 475 si
837 441 923 484 quid
950 439 1197 483 perturbatum
1222 440 1272 473 est
1297 448 1337 473 ac
1356 436 1504 481 praeter

188 505 467 540 consuetudinem
492 507 638 541 emicuit.
665 503 718 541 Sic
743 503 841 541 enim
869 503 929 541 est
952 502 990 538 in
1018 502 1061 546 E,
1090 501 1130 537 in
1159 500 1188 538 B
1214 505 1286 538 aut.

307 565 469 605 Pleniori
495 577 582 605 vero
609 567 753 606 formae
775 573 879 615 atque
912 570 1049 606 natura
1076 566 1226 613 quidem
1263 576 1338 603 non
1364 563 1501 603 consti-

190 631 264 670 tuti
290 634 379 670 sunt
405 632 554 670 termini
582 635 691 671 extra
705 643 799 680 quos
815 632 943 680 egredi
964 632 1149 681 nequiret,
1175 630 1359 671 cancellos
1373 633 1501 669 tamen

190 697 433 735 circumdedit
457 708 559 744 usus,
601 708 676 745 qua
715 699 762 737 de
786 709 827 736 re
853 697 947 736 nihil
980 701 1039 737 est
1079 697 1179 745 quod
1216 696 1374 743 mireris,
1415 707 1498 734 cum

187 772 274 799 raro
301 762 423 801 maius
456 763 603 810 pondus
634 763 727 802 insit
758 763 1037 812 praepositioni.
1090 762 1142 801 Et
1174 761 1315 801 Seneca
1349 761 1501 811 quidem

189 827 290 864 iutra
318 837 381 865 eos
408 838 449 866 se
476 828 658 866 continuit
681 828 785 875 fines,
817 832 861 866 ut
894 831 1162 875 praeterquam
1196 830 1284 866 ante
1310 828 1500 875 praeposi—

189 890 310 930 tiones
336 896 375 930 in
400 895 439 931 et
465 906 509 931 em
546 892 618 931 hac
651 893 840 941 particula
873 903 946 932 non
985 895 1177 940 uteretur3
1214 898 1317 939 atque
1345 896 1383 930 in
1409 902 1500 939 ergo

187 955 326 1004 legitur
350 967 407 1004 ep.
436 957 495 1003 56,
526 958 583 996 10.
612 968 669 1005 ep.
694 958 756 1005 82,
783 959 817 996 2.
845 968 903 1006 ep.
930 958 990 1007 90,
1018 958 1079 996 38.
1105 968 1163 1006 ep.
1191 958 1249 1003 93,
1269 958 1305 996 4.
1331 967 1387 1005 ep.
1416 957 1500 1002 114,

191 1022 248 1060 14.
276 1021 323 1060 di.
355 1021 426 1060 VII
454 1023 489 1068 5,
518 1024 551 1061 2.
576 1023 625 1061 di.
652 1022 725 1061 VII
759 1024 793 1073 8,
819 1024 853 1061 3.
886 1023 922 1061 d.
950 1023 984 1061 b.
1020 1022 1093 1061 VII
1127 1023 1161 1068 7,
1190 1024 1222 1061 1.
1255 1033 1290 1061 n.
1317 1033 1351 1071 q.
1379 1022 1431 1061 IV
1463 1023 1497 1069 3,

188 1087 222 1124 5.
250 1098 285 1126 n.
321 1097 356 1134 q.
398 1088 451 1126 VI
495 1089 551 1134 13,
591 1090 623 1126 1.
663 1094 765 1135 atque
803 1102 845 1127 ex
883 1088 932 1127 di.
972 1087 1030 1126 111
1067 1089 1101 1134 5,
1143 1089 1174 1125 1.
1202 1088 1250 1126 di.
1288 1087 1358 1125 VII
1390 1088 1425 1134 4,
1462 1088 1496 1126 4.

187 1162 223 1191 n.
251 1162 285 1200 q.
311 1152 364 1191 IV
394 1153 425 1199 1,
455 1154 489 1191 2.

804 1303 887 1343 VII.

309 1414 367 1452 Ad
387 1415 651 1462 *coniungenda
666 1415 739 1453 duo
766 1414 944 1453 adverbia
970 1415 1122 1462 saepius
1150 1425 1342 1462 qucquam
1368 1428 1408 1452 ac
1433 1414 1498 1452 ad-

188 1478 348 1525 hibetur,
389 1490 473 1517 eum
515 1483 665 1518 tantum
705 1490 778 1518 non
806 1482 992 1518 remotum
1033 1480 1081 1518 ab
1114 1480 1184 1518 hoc
1215 1491 1287 1518 usu
1311 1480 1360 1517 sit
1385 1484 1497 1526 atque.

191 1535 244 1583 Ac
269 1545 431 1594 primum
457 1545 607 1594 quidem
634 1548 759 1584 certae
784 1545 968 1592 quaedam
992 1543 1177 1584 formulae
1205 1545 1241 1582 in
1267 1544 1402 1592 quibus
1420 1543 1499 1583 fere

187 1621 337 1658 semper
371 1624 435 1658 que
472 1614 689 1659 usurpatur,
726 1621 809 1649 eum
837 1610 937 1659 apud
975 1615 1121 1649 ceteros
1163 1610 1375 1658 scriptores,
1416 1613 1497 1647 tum

187 1675 287 1724 apud
317 1674 495 1715 Senecam
523 1687 673 1724 quoque
699 1679 862 1723 exstant,
889 1676 994 1715 cuius
1020 1676 1169 1724 generis
1201 1678 1289 1715 sunt
1320 1679 1384 1713 diu
1408 1679 1496 1713 mul-

187 1746 323 1788 tumque
362 1740 397 1778 d.
441 1740 474 1779 b.
505 1740 544 1778 Π
570 1741 604 1789 5,
632 1741 665 1778 1.
693 1740 739 1779 di.
766 1741 826 1779 III
855 1742 912 1788 11,
942 1741 964 1778 8
1000 1743 1038 1778 et
1076 1741 1224 1779 inverso
1252 1740 1381 1779 ordine
1409 1745 1497 1778 mul-

187 1811 261 1843 tum
286 1809 413 1853 diuque
440 1806 475 1843 d.
502 1805 547 1844 cl.
575 1805 594 1843 I
622 1805 681 1853 14,
708 1806 741 1843 3.
768 1805 815 1843 di.
842 1805 902 1843 III
930 1806 987 1854 11,
1016 1806 1048 1844 7.
1068 1816 1123 1854 ep.
1147 1806 1205 1852 11,
1224 1806 1258 1844 6.
1282 1816 1338 1853 ep.
1358 1806 1416 1852 20,
1439 1806 1496 1843 10.

188 1860 346 1919 Legitur
373 1880 496 1918 porr0‚
524 1873 650 1908 tamen
669 1880 741 1908 non
757 1870 855 1908 omni
869 1870 984 1909 dubio
999 1873 1197 1918 exemptus
1211 1872 1268 1908 est
1281 1870 1396 1915 locus,
1411 1880 1447 1907 n.
1460 1881 1496 1917 q.

186 1934 246 1972 III
275 1935 332 1980 18,
359 1935 384 1972 4
409 1934 471 1972 ubi
499 1934 626 1982 agitur
652 1934 855 1982 de,muilo,
881 1935 944 1981 qui
972 1935 1010 1972 in
1036 1945 1102 1973 vas
1129 1935 1287 1973 vitreum
1307 1935 1498 1974 coniectus

185 1999 284 2037 inter
308 1998 431 2046 ipsam
456 1999 693 2048 cenationem
719 1999 883 2038 animam
907 2010 1024 2047 agens
1038 2010 1225 2037 summum
1239 1998 1497 2047 spectantibus

186 2063 366 2112 gaudium
404 2064 530 2102 adfert
561 2064 728 2103 colorum
756 2064 975 2103 variatione.
1028 2065 1066 2103 Is
1100 2068 1226 2102 autem
1259 2068 1319 2103 ubi
1351 2068 1498 2103 multum

184 2133 309 2177 ubique
335 2133 502 2168 laudatus
527 2135 588 2176 est,
615 2143 656 2167 ex
680 2134 741 2168 illo
761 2133 946 2177 perlucido
958 2134 1092 2168 vivario
1116 2133 1326 2168 eoetrahitur.
1375 2129 1435 2169 Sic
1464 2130 1497 2168 E

185 2194 418 2233 consentiens
433 2205 515 2232 cum
532 2195 668 2233 ceteris
681 2194 787 2233 codd.
801 2195 840 2233 in
856 2205 944 2233 voce
959 2199 1135 2238 laudatus,
1155 2194 1257 2233 solus
1278 2205 1367 2233 vero
1381 2195 1499 2234 habet

186 2263 324 2306 ubique,
363 2260 464 2307 quod
498 2259 646 2298 defendi
684 2260 826 2307 nequit,
865 2270 1096 2308 quamquam
1130 2259 1329 2299 Fickertus
1364 2261 1496 2299 tenuit.

184 2324 392 2372 Receptum
416 2325 533 2374 igitur
565 2325 612 2362 ab
650 2326 736 2363 aliis
768 2325 976 2364 editoribus
1003 2336 1023 2363 e
1052 2325 1185 2365 ceteris
1218 2325 1324 2364 codd.
1358 2330 1495 2374 diuque,

184 2390 285 2437 quod
311 2388 508 2429 ferendum
528 2391 687 2430 videtur.
759 2392 809 2429 At
842 2391 941 2440 quod
968 2390 1135 2430 Haasius
1170 2391 1356 2439 probante
1383 2391 1427 2429 H.
1455 2390 1496 2430 C.

184 2454 356 2500 Michacli
402 2456 653 2494 coniecturam
694 2455 844 2494 Trilleri
888 2460 1038 2495 luctatus
1085 2467 1153 2504 pro
1202 2460 1369 2495 laudatus
1407 2456 1496 2494 scri-

89 2574 93 2581 >
155 2529 163 2533 *
183 2519 315 2568 bentis,
342 2521 436 2577 satis
461 2523 612 2561 acutam
625 2532 709 2562 eam
728 2533 796 2562 nec
811 2525 940 2569 tamen
959 2523 1222 2572 necessariam,
1247 2522 1400 2570 recepit,
1420 2532 1492 2560 non
