1735 2760
824 83 872 120 42

191 199 308 245 probo
325 229 334 245 ,
375 200 465 249 quia
503 201 622 239 multo
661 201 872 250 elegantius
910 206 949 241 et
989 203 1125 252 aptius,
1166 214 1250 241 cum
1288 192 1506 251 perversam

192 262 381 302 luxuriam
408 265 569 313 castigat
596 266 766 314 scriptor,
794 267 985 306 invehitur
1011 268 1049 306 in
1074 278 1139 306 eos
1158 266 1293 315 quibus
1318 258 1507 308 cruciatus

190 328 302 377 piscis
330 330 517 379 voluptati
555 335 643 369 sunt
678 333 820 381 quique
856 333 1116 381 spectaculum
1151 331 1243 371 illud
1271 332 1374 372 nullo
1408 335 1505 373 tam-

191 404 305 441 quam
330 406 399 433 sua
425 402 557 444 sponte
584 397 622 435 id
651 395 776 447 faciat,
803 398 905 437 laudi
932 400 1098 437 vertunt.

291 461 361 500 His
375 461 580 501 interiectis
594 474 798 511 pergamus
813 474 1034 503 enumerare
1050 463 1192 503 similes
1211 464 1509 513 compositiones,

189 526 296 565 velut
319 532 418 575 lonye
444 532 545 576 lateq.
573 530 609 567 d.
638 530 673 567 b.
700 530 733 567 V
762 531 819 577 13,
849 531 881 568 1.
909 541 943 569 n.
970 540 1006 577 q.
1034 530 1109 569 VII
1135 530 1195 580 26,
1221 530 1255 568 2.
1281 533 1506 579 latelonqeq.

190 604 247 641 ep.
278 594 336 640 51,
368 595 424 633 11.
452 594 500 633 di.
528 595 560 633 v
590 596 647 642 16,
681 596 717 634 4.
746 601 835 635 satis
866 600 1036 644 abundeq.
1071 607 1127 644 ep.
1166 579 1226 643 59,
1265 596 1323 634 10.
1356 606 1413 644 ep.
1446 596 1507 643 88,

192 658 250 695 16.
277 669 334 707 ep.
361 660 421 705 90,
451 660 509 697 16.
537 659 572 698 d.
600 660 636 697 b.
663 661 737 699 VII
763 662 821 705 25,
838 663 872 699 2.
893 665 1033 708 publice
1058 665 1260 709 privatimq.
1286 671 1345 708 ep.
1372 661 1506 706 75,15.

190 722 237 763 di.
267 723 318 762 VI
348 725 406 772 15,
433 725 469 764 4.
492 730 660 773 privatim
682 730 856 776 publiceq.
885 728 934 766 di.
963 727 1015 766 VI
1042 728 1076 773 3,
1105 728 1139 766 2.

316 790 444 837 Atque
470 791 610 828 talibus
641 790 810 829 formulis
830 792 1074 830 sollemnibus
1090 792 1306 840 Draegerus
1331 792 1506 830 inductus

191 854 351 902 videtur,
393 858 436 895 ut
466 856 684 906 ⁴particulae
709 871 774 905 que
811 856 870 896 ius
910 856 1206 906 copulandoru'm
1244 856 1505 897 adverbiorum

192 931 322 958 eorum
349 931 448 967 quae
474 922 522 959 ad
550 923 830 960 similitudinem
864 923 1132 961 adiectivorum
1165 913 1396 968 accederent,
1429 921 1510 960 fere

192 983 408 1032 denegaret.
461 985 568 1025 Hanc
594 986 691 1025 enim
718 988 842 1036 legem
869 987 974 1036 ponit
999 998 1034 1036 p.
1062 988 1111 1025 40
1136 989 1253 1036 atque
1279 996 1393 1024 unum
1423 988 1508 1024 tan·

192 1053 273 1088 tum
303 1051 518 1099 exemplum
547 1051 660 1091 huius
688 1064 779 1092 usus
806 1052 1031 1092 eCiceronis
1057 1064 1126 1101 pro
1142 1051 1317 1098 Quinctio
1340 1050 1512 1090 oratione

196 1116 241 1152 15
268 1114 393 1155 adfert
422 1122 523 1155 tacite
558 1122 775 1166 obscureque.
827 1119 871 1156 In
890 1118 1071 1157 Senecam
1097 1118 1246 1166 quidem
1282 1117 1346 1155 illa
1376 1117 1510 1165 regula

194 1190 269 1218 non
292 1181 404 1227 valet,
432 1182 471 1219 in
499 1183 606 1220 cuius
632 1182 739 1222 libris
770 1194 902 1221 novem
930 1184 1021 1221 haec
1047 1183 1221 1231 exempla
1248 1183 1445 1231 leguntur:

280 1249 393 1278 temere
413 1246 626 1288 iuconsulteq.
652 1248 673 1279 d
706 1249 738 1280 b.
763 1248 777 1278 1
802 1251 830 1288 1,
857 1250 882 1280 1.
947 1248 1039 1287 foede
1059 1248 1214 1288 furioseq.
1238 1247 1269 1279 d.
1294 1248 1325 1279 b.
1348 1246 1379 1278 11
1403 1248 1453 1287 12,
1475 1247 1506 1278 2.

279 1304 455 1344 tranqmlle
479 1305 647 1346 modesteq.
667 1316 716 1346 ep.
750 1307 799 1346 14,
825 1308 872 1337 11.
939 1309 1016 1347 apte
1044 1307 1257 1346 tempestiveq.
1291 1314 1342 1345 ep.
1373 1303 1424 1344 22,
1460 1304 1510 1336 16.

278 1363 360 1393 recte
376 1361 464 1402 pieq.
490 1372 541 1403 ep.
569 1364 620 1403 76,
645 1364 695 1394 29.
739 1366 832 1404 qrate
853 1363 1020 1416 questeq.
1044 1349 1094 1403 ep.
1120 1362 1173 1403 98,
1194 1363 1225 1393 3.
1275 1361 1421 1394 animose
1442 1361 1510 1401 for-

276 1417 385 1458 titerq.
408 1418 453 1449 di.
476 1419 490 1449 I
512 1421 543 1459 4,
568 1421 596 1450 5.
638 1420 750 1460 palam
773 1423 913 1461 aperteq.
939 1420 983 1450 di.
998 1419 1035 1452 ⁴V
1061 1422 1087 1457 1,
1115 1421 1142 1451 1.
1184 1422 1268 1451 recte
1290 1418 1437 1459 blandeq.
1461 1417 1507 1449 di.

277 1473 306 1506 V
330 1476 381 1517 40,
406 1477 436 1508 2.

312 1534 382 1580 Qui
423 1546 602 1574 numerus
641 1540 724 1574 octo
763 1536 846 1574 aliis
885 1535 1064 1584 exemplis
1102 1537 1265 1584 augetur
1300 1534 1338 1573 in
1372 1533 1510 1583 quibus

194 1599 374 1639 adverbia
400 1601 656 1649 comparativo
685 1602 808 1650 gradu
834 1602 959 1650 posita
985 1602 1090 1639 sunt:

278 1665 418 1697 lucidius
443 1667 689 1707 tranquilliusq.
712 1677 763 1707 ep.
787 1668 839 1706 76,
866 1668 915 1698 16.
958 1666 1094 1706 facilius
1118 1666 1270 1706 rectiusq.
1292 1664 1337 1695 di.
1354 1664 1399 1696 lv
1417 1665 1466 1704 13,
1483 1665 1513 1695 3.

276 1722 406 1755 mollius
428 1723 631 1764 delicatiusq.
655 1723 699 1755 di.
723 1723 750 1755 V
774 1725 804 1761 9,
830 1725 859 1755 1.
916 1722 1133 1764 neyleyentius
1161 1722 1331 1763 solut-cusq.
1357 1731 1390 1753 n.
1413 1731 1444 1761 q.
1467 1719 1512 1752 VI

276 1781 329 1821 30,
351 1783 380 1812 4.
424 1781 551 1813 mollius
574 1782 746 1822 crebriusq.
770 1792 802 1812 n.
823 1792 853 1821 q.
879 1782 923 1813 VI
947 1782 998 1818 31,
1022 1782 1052 1812 3.
1096 1779 1265 1813 violentius
1290 1778 1453 1819 celeriusq.
1476 1789 1509 1810 n.

277 1849 308 1879 q.
332 1838 393 1870 VlI
414 1839 445 1875 9,
468 1839 499 1870 3.
552 1839 685 1880 plenius
706 1839 869 1880 uberius-q.
894 1838 916 1870 d
952 1839 983 1870 b.
1009 1837 1056 1870 111
1083 1840 1132 1876 17,
1155 1838 1185 1868 4.
1244 1836 1343 1869 citius
1366 1835 1511 1877 meliusq.

278 1896 310 1928 d.
334 1896 374 1929 01.
398 1896 412 1928 1
440 1898 489 1937 17,
514 1897 543 1928 2.

313 1967 369 2003 Ac
394 1967 521 2004 autem
545 1968 584 2004 et
610 1971 715 2012 atque
732 1965 802 2003 hoc
830 1965 939 2003 modo
966 1967 1150 2013 usurpata
1168 1974 1243 2002 non
1270 1962 1512 2001 inveniuntur

194 2040 267 2068 uno
308 2032 463 2078 excepto
504 2028 584 2068 loco
625 2041 661 2068 n.
701 2041 735 2078 q.
763 2029 838 2069 VII
864 2030 924 2077 23,
954 2031 976 2068 2
1017 2029 1080 2068 ubi
1121 2028 1157 2067 id
1197 2027 1298 2076 quod
1327 2026 1446 2066 codex
1479 2026 1512 2064 E

194 2096 352 2144 praebet
371 2100 516 2143 plenius
540 2111 582 2135 ae
606 2100 798 2144 maliynius
824 2096 1027 2135 tenendum
1069 2095 1228 2140 videtur,
1256 2093 1304 2132 de
1331 2103 1405 2141 quo
1432 2092 1513 2131 loco

193 2160 304 2209 plura
331 2160 429 2199 infra
458 2161 643 2199 dicentur.

312 2226 447 2264 Rarior
473 2227 624 2265 omnino
651 2230 710 2265 est
722 2226 910 2275 particula
924 2240 964 2264 ae
989 2225 1188 2272 rariusque
1209 2224 1341 2263 eadem
1365 2222 1512 2261 ratione

193 2302 270 2339 qua
296 2304 361 2337 que
387 2291 423 2328 in
458 2294 562 2329 certa
590 2290 755 2337 quadam
787 2290 986 2328 verborum
1014 2289 1287 2337 compositione
1310 2289 1511 2328 invenitur.

193 2356 292 2395 Nam
312 2358 579 2403 praeterquam
602 2356 702 2402 quod
723 2359 859 2403 quater
873 2369 1016 2394 sursum
1034 2369 1077 2394 ac
1091 2359 1264 2400 deorsum,
1284 2358 1339 2392 bis
1356 2356 1449 2400 forte
1473 2366 1514 2391 ao

193 2428 318 2461 temere
345 2421 485 2470 legitur
523 2422 558 2461 d.
586 2422 623 2460 b.
651 2421 670 2459 I
698 2422 755 2471 15,
785 2422 804 2459 1
843 2424 882 2460 et
915 2421 950 2459 d.
977 2421 1012 2459 b.
1041 2421 1093 2459 IV
1124 2421 1180 2467 19,
1208 2420 1243 2466 3,
1278 2418 1363 2468 plus
1395 2417 1511 2458 semel

193 2498 266 2527 non
290 2489 493 2527 occurrunt
519 2490 644 2526 cetera
670 2475 844 2535 exempla
868 2485 979 2525 haec:
