1735 2760
820 131 822 133 ’
851 134 901 173 53

536 218 554 238 t.

225 263 327 291 cas-ue
368 257 513 292 excutiet
551 264 624 293 non
664 253 713 293 ad
751 253 862 294 flores
901 254 1119 304 respiciant,
1159 256 1225 295 sed
1261 257 1316 296 ad
1348 268 1413 297 eos
1439 268 1533 306 quos

225 315 395 356 amisisse
421 319 683 367 gravissimum
713 320 892 359 damnum
917 320 1088 360 habetur.
1343 315 1346 317 μ

341 384 483 423 Aliter
513 399 560 424 ac
590 385 638 424 di.
666 385 721 424 IX
749 386 808 434 17,
839 387 860 425 1
889 386 981 435 legis
1007 390 1220 434 deprehendi
1245 391 1349 426 aliter
1378 402 1420 426 ac
1449 392 1535 426 solet

222 453 353 486 metuit.

340 514 385 555 N.
413 528 448 566 q.
464 516 502 556 II
527 516 587 566 59,
615 518 638 557 5
676 517 722 557 de
748 518 893 568 impetu
920 529 1051 559 eorum
1077 517 1142 569 qui
1167 517 1206 557 in
1238 510 1427 559 suinmam
1465 518 1529 559 de-

221 583 476 629 sperationem
495 584 617 637 edaeti
633 576 733 634 sunt,
758 585 856 624 hanc
873 584 1017 633 profert
1034 584 1263 624 sententiam
1290 585 1433 624 Seneca
1459 590 1531 624 lon-

219 660 327 695 yeque
354 651 536 687 violentius
550 662 685 697 semper
701 664 744 689 ex
767 654 967 690 necessitate
991 664 1095 698 quam
1112 663 1156 689 ex
1179 653 1310 688 virtute
1333 653 1532 698 eonfhiyitur

222 711 289 759 (sic
313 712 408 751 bene
427 712 618 762 Hauptius
643 725 711 762 pro
724 716 935 765 com-uitur),
961 719 1098 754 maiora
1121 720 1184 767 aut
1210 720 1301 753 certe
1320 718 1453 761 paria
1477 728 1531 753 co-

222 782 331 815 natur
371 782 510 816 anv'aemus
547 793 696 827 magnus
731 793 781 818 ae
814 783 988 826 perditus.
1039 779 1166 817 Unum
1205 778 1336 817 vitium
1376 778 1533 818 sustulit

221 840 424 898 Hauptius,
452 842 614 881 alterum
642 848 684 882 ut
709 843 867 882 tollatur
893 844 1080 891 reliquum
1105 847 1176 891 est,
1204 847 1248 881 ut
1273 842 1434 881 duorum
1464 843 1528 881 ad-

221 905 441 947 iectivorum
467 907 617 948 sedibus
644 909 801 948 mutatis
826 908 1013 949 scribatur
1036 912 1200 957 perditus
1224 922 1266 947 ac
1282 921 1441 957 maqnus.
1469 918 1529 957 ep.

223 972 283 1019 90,
310 973 360 1011 40
383 987 467 1020 par
492 980 570 1012 era-t
593 978 739 1013 alterius
764 989 815 1013 ac
844 979 901 1013 sui
927 988 1024 1013 cura.

345 1042 461 1077 Idem
486 1053 532 1078 ac
556 1050 626 1089 ego
660 1039 811 1089 quidem
838 1040 955 1080 semel
982 1042 1130 1078 tantum
1155 1039 1228 1089 legi
1256 1043 1348 1079 idem
1372 1043 1529 1079 accidere

220 1106 260 1141 in
284 1107 388 1142 rebus
410 1108 568 1143 civilibus
592 1119 633 1143 aa
661 1108 853 1143 domest-icis
871 1110 965 1143 scias
989 1104 1038 1142 di.
1066 1105 1098 1142 V
1126 1105 1159 1149 7,
1189 1105 1221 1142 1.

342 1168 455 1207 Haud
481 1180 567 1207 raro
580 1168 722 1207 Seneca
740 1169 777 1207 in
793 1168 1055 1208 adverbiorum
1074 1169 1195 1207 locum
1213 1170 1527 1218 praepositionem

220 1247 263 1272 ex
288 1244 374 1271 cum
398 1237 533 1273 neutro
561 1234 733 1273 adiectivi
769 1234 1005 1273 coniunctam
1038 1234 1244 1281 substituit,
1279 1237 1322 1273 ut
1348 1249 1390 1273 ex
1419 1248 1528 1282 aequo

224 1304 293 1346 pr'o
320 1311 436 1346 aeque.
465 1299 601 1347 Itaque
614 1299 763 1347 scripsit
790 1313 837 1338 ex
861 1313 991 1347 aequo
1018 1312 1167 1347 maynus
1192 1313 1240 1338 ae
1268 1303 1446 1338 vehemens
1469 1310 1526 1347 ep.

220 1364 280 1409 66,
306 1365 340 1403 6.
368 1378 417 1403 ex
442 1379 571 1413 aequo
603 1368 683 1404 boni
708 1379 749 1404 ac
772 1369 858 1403 mali
885 1367 1010 1411 ferunt
1034 1363 1069 1403 d.
1102 1364 1136 1403 b.
1165 1364 1217 1402 IV
1249 1365 1309 1412 28,
1337 1365 1372 1403 2.
1424 1363 1528 1410 Quos

217 1429 318 1467 locos
345 1429 646 1480 Rauschningius
672 1441 746 1469 nou
772 1430 904 1469 debuit-
935 1430 1119 1468 omittere.

343 1495 454 1534 Modo
478 1506 564 1534 cum
590 1510 631 1534 ac
655 1495 765 1534 modo
793 1505 878 1534 cum
911 1509 977 1543 que
1000 1494 1248 1543 compositum
1274 1495 1370 1543 legis
1395 1494 1529 1533 adver-

218 1560 322 1599 bium
341 1564 528 1607 pariter,
554 1563 669 1608 atque
687 1559 781 1598 illud
794 1558 1068 1608 prius-quidem
1088 1559 1147 1598 his
1169 1559 1278 1598 locis:
1296 1573 1363 1598 sua
1387 1564 1468 1606 fata
1486 1575 1529 1607 p.

219 1639 262 1665 ac
299 1625 443 1672 publica
482 1634 540 1672 ep.
580 1624 641 1674 94,
679 1624 740 1662 65.
779 1628 905 1671 pueris
921 1638 967 1678 2³·
995 1637 1038 1662 ac
1072 1626 1214 1669 feminis
1238 1623 1287 1662 di.
1314 1623 1368 1661 IV
1396 1624 1465 1672 31,
1496 1625 1529 1663 6.

216 1693 348 1728 nobilia
370 1703 408 1736 p.
437 1695 540 1736 atque
563 1692 738 1726 adornata
764 1699 799 1725 n.
827 1698 861 1735 q.
888 1688 949 1725 III
967 1688 1027 1732 29,
1041 1688 1077 1726 9.
1104 1691 1258 1726 hwmamz
1277 1702 1319 1734 p.
1347 1703 1388 1727 ac
1406 1693 1530 1728 divina

215 1755 265 1795 di.
290 1756 309 1794 I
335 1755 370 1802 5,
398 1755 433 1793 8.
460 1757 593 1794 contra
614 1766 697 1802 que:
724 1757 862 1801 asperis
885 1756 1055 1800 blandisq.
1073 1766 1111 1799 p.
1137 1756 1286 1791 invictus
1312 1764 1369 1803 ep.
1400 1753 1459 1800 66,
1490 1754 1526 1792 6.

218 1824 349 1866 divinis
372 1823 568 1866 humanisq.
596 1823 701 1857 rebus
725 1833 765 1865 p.
797 1832 928 1865 aequus
958 1828 1016 1866 ep.
1043 1818 1126 1861 120,
1162 1818 1219 1856 13.
1266 1822 1305 1856 in
1337 1823 1530 1865 pernitiem

218 1888 371 1925 alienam
392 1898 526 1932 suamq.
545 1897 585 1931 p.
612 1887 862 1922 exsultaturam
885 1882 920 1921 d.
948 1881 1028 1921 cl.I
1056 1883 1088 1928 1,
1119 1883 1151 1920 1.
1188 1885 1352 1928 infestam
1375 1897 1414 1930 p.
1437 1887 1527 1921 invi-

215 1964 325 1998 εαηιᾳ.
353 1949 401 1989 di.
427 1949 480 1989 IV
507 1949 566 1995 35,
594 1949 628 1987 5.
655 1948 826 1997 Denique
851 1959 909 1996 ep.
938 1948 996 1997 24,
1025 1948 1071 1987 18
1098 1951 1187 1987 bona
1211 1962 1250 1996 p.
1281 1952 1408 1997 malm.
1438 1959 1526 1987 con-

217 2016 279 2055 tra
303 2015 476 2063 regulam
503 2013 768 2061 Zumptianam
794 2012 836 2061 (ἕ
859 2012 961 2061 340),
988 2022 1064 2060 qua
1089 2026 1130 2051 ac
1157 2014 1218 2052 vel
1242 2018 1283 2052 ut
1307 2013 1396 2061 poni
1421 2013 1529 2053 iubet

216 2080 281 2120 ubi
305 2079 380 2120 duo
405 2079 468 2120 illa
493 2078 609 2118 verba
634 2089 707 2117 non
730 2078 836 2116 iuxta
861 2077 986 2126 posita
1013 2077 1100 2116 sint.

345 2159 576 2198 Particulam
600 2164 632 2196 et
657 2169 741 2196 cum
760 2162 904 2204 pariter
928 2157 1166 2196 coniunctam
1194 2169 1267 2196 non
1287 2159 1441 2197 memini
1467 2170 1529 2198 me

216 2225 365 2274 legisse.
416 2224 555 2263 Omnes
593 2230 720 2263 autem
753 2226 831 2262 tres
857 2222 1066 2272 particulas
1101 2224 1217 2272 atque
1250 2223 1366 2263 etiam
1402 2223 1530 2264 conla-

216 2291 356 2330 tionem
383 2296 469 2329 et-et
492 2289 659 2329 admittit
684 2299 757 2327 vox
780 2291 919 2327 simul.

301 2382 371 2414 que
395 2371 497 2404 habes
525 2381 576 2413 ep.
602 2371 633 2409 8,
657 2370 686 2402 6.
708 2380 759 2411 ep.
790 2370 842 2411 59,
865 2371 894 2402 7.
927 2379 978 2412 ep.
1003 2370 1054 2409 92,
1089 2370 1120 2404 3.
1155 2380 1210 2412 ep.
1232 2371 1285 2409 95,
1310 2371 1359 2404 10.
1393 2381 1446 2412 ep.
1470 2369 1523 2411 95,

301 2431 351 2462 70.
376 2430 528 2471 ep.¹108,
552 2430 601 2460 16.
633 2473 637 2475 ‚
658 2427 689 2460 d.
719 2428 750 2459 b.
774 2427 789 2459 I
809 2429 841 2469 3,
863 2429 893 2459 3.
933 2427 979 2460 di.
1000 2428 1064 2461 XII
1087 2429 1118 2466 7,
1141 2431 1169 2462 6.
1205 2440 1238 2462 n.
1261 2439 1293 2470 q.
1315 2429 1360 2461 VI
1384 2430 1432 2461 15.
1483 2438 1527 2461 ac

303 2497 354 2530 ep.
388 2488 440 2525 57,
467 2488 497 2520 3.
526 2496 577 2528 ep.
613 2487 664 2527 90,
699 2487 751 2519 25.
779 2485 824 2519 di.
858 2486 888 2518 V
919 2487 950 2524 8,
978 2487 1008 2519 3.
1030 2486 1076 2519 di.
1099 2486 1146 2519 IX
1175 2488 1226 2526 16,
1254 2488 1283 2519 1.
1305 2486 1349 2520 di.
1375 2486 1421 2519 XI
1443 2487 1473 2528 9,
1497 2486 1526 2518 5.

299 2548 421 2587 atque
435 2545 480 2577 di.
503 2544 549 2577 VI
573 2546 622 2582 13,
647 2545 678 2577 4.
722 2547 758 2576 et
780 2554 832 2585 ep.
854 2545 906 2584 84,
930 2545 980 2576 12.
1003 2544 1047 2577 di.
1062 2545 1109 2577 IV
1130 2546 1185 2586 25,
1209 2547 1239 2578 3.
1261 2544 1306 2577 di.
1321 2544 1360 2577 V.
1384 2547 1415 2583 7,
1436 2545 1466 2575 2.
1490 2544 1523 2576 d.
