1735 2760
852 128 901 168 68

211 251 374 290 maxime
401 250 626 289 documento
652 250 721 295 est,
749 247 849 296 quod
874 248 913 285 in
941 247 1037 287 serie
1063 247 1312 298 complurium
1328 232 1529 286 veffiorum

210 316 363 366 singula
386 325 469 353 sese
494 324 568 353 non
598 324 668 362 per
694 320 736 360 et,
761 313 827 353 sed
849 313 1008 353 diversis
1034 313 1154 352 modis
1180 313 1385 361 excipiunt.

331 380 383 420 Et
422 379 543 429 primo
585 379 737 428 quidem
763 379 844 418 loco
870 377 1097 418 nominanda
1122 378 1238 417 trium
1264 376 1530 417 vocabulorum

210 446 401 495 copulatio
421 455 520 493 quae
547 444 591 484 fit
616 455 684 494 per
708 453 834 492 que-et,
861 448 977 483 dicam
997 464 1048 470 —
1075 447 1362 491 quemadmodum
1379 447 1531 482 irascen-

211 518 280 550 tem
315 516 529 550 retineamus
564 514 809 558 placemusque
851 515 885 548 et
908 512 957 548 ad
981 513 1166 549 sanitatem
1190 512 1397 548 reducamus
1421 507 1471 547 di.
1497 508 1531 547 V

213 577 248 624 5,
267 576 302 615 2.
346 575 520 616 Secunda
545 577 675 615 autem
700 574 847 614 abhoc
872 585 945 614 usu
970 574 1122 615 videtur
1146 584 1231 615 esse
1255 573 1446 624 copulatio
1461 582 1531 623 per

213 647 317 689 act-et,
344 641 451 681 velut
474 644 671 689 splendidis
695 644 749 679 uti
773 655 816 680 ac
841 644 1050 680 sonantibus
1075 646 1109 680 et
1127 643 1274 688 poeticis
1291 650 1348 688 ep.
1370 638 1454 686 114,
1474 638 1531 678 14.
1601 649 1606 660 1

215 707 409 756 Frequens
433 707 550 747 etiam
577 709 638 746 est
663 717 757 746 usus
780 705 1055 755 particularum
1079 711 1207 754 «ει-ραι,
1234 710 1335 745 trans
1354 707 1535 745 Hadriam

214 779 247 812 et
272 776 416 812 Ionium
430 775 677 821 Aeqaemnque
690 783 746 820 ep.
762 772 821 819 89,
847 772 907 811 20.
954 771 1112 821 Saepius
1126 780 1217 809 vero
1230 771 1279 810 ad
1293 770 1408 810 verba
1423 780 1535 818 copu-

214 838 333 878 landa
344 848 457 886 quam
473 837 627 877 nomina
643 836 855 876 adhibitum
869 836 944 876 vidi
960 842 1064 885 et-ac,
1080 850 1183 876 erras
1195 842 1228 876 et
1239 839 1357 885 aperis
1369 849 1410 875 ac
1424 839 1536 874 locum

219 917 262 943 ex
289 907 361 942 loco
382 892 498 941 mutas
523 913 582 950 ep.
596 903 656 949 28,
682 903 717 940 5.
770 901 915 940 Minore
938 905 1067 940 tamen
1092 901 1352 949 exemplorum
1377 910 1536 939 numero

220 968 385 1018 probata
423 969 513 1006 sunt
545 972 731 1014 que-atque
756 967 832 1016 (ac)
858 969 897 1005 et
923 972 1027 1014 atque
1053 964 1128 1016 (ac)
1154 979 1257 1014 -que,
1295 965 1423 1014 qualia
1447 968 1537 1005 sunt

219 1039 440 1081 praetextam
469 1036 632 1080 facesque
663 1045 706 1070 ac
734 1035 893 1071 tribunal
928 1031 977 1071 di.
1011 1031 1137 1081 11212,
1166 1032 1200 1070 2.
1239 1033 1278 1070 et
1312 1033 1537 1078 Carthaqt‘nis

219 1112 262 1138 ac
287 1101 504 1138 Numantiae
531 1099 759 1145 Gm-inthiqwe
785 1101 936 1136 cinerem
961 1096 1009 1135 di.
1040 1096 1097 1135 XI
1123 1097 1155 1143 1,
1186 1097 1209 1134 2
1236 1085 1280 1135 dc
1307 1107 1355 1134 ne
1380 1095 1535 1135 tertiam

218 1163 408 1203 desideres
433 1162 673 1212 particulam,
700 1161 760 1202 his
786 1162 902 1200 trium
928 1162 1079 1201 urbium
1106 1162 1323 1201 nominibus
1346 1161 1535 1201 adiectum

223 1229 319 1277 legis
344 1233 388 1267 et
413 1232 445 1266 si
472 1232 559 1275 quid
586 1231 693 1266 altius
716 1231 849 1266 cecidit.
892 1227 977 1266 Uno
1002 1227 1083 1266 loco
1100 1227 1227 1266 addito
1245 1227 1443 1274 quiquam
1462 1226 1539 1265 late

220 1295 355 1343 pateat
391 1292 488 1333 haec
519 1293 617 1332 ratio
657 1292 854 1339 ostendat,
892 1291 1012 1332 finem·
1038 1291 1186 1332 faciam.
1238 1291 1411 1340 Quinque
1440 1291 1540 1331 enim

223 1358 339 1399 verba
378 1358 535 1398 variatis
573 1358 716 1407 copulis
755 1360 1031 1407 componuntur
1068 1369 1105 1397 n.
1138 1369 1173 1406 q.
1201 1358 1234 1397 V
1261 1360 1285 1397 2
1318 1371 1453 1397 necesse
1488 1363 1539 1397 est

220 1428 295 1464 alia
319 1428 405 1464 aliis
429 1427 590 1463 incidant
612 1429 651 1463 et
676 1427 850 1471 inpellant
873 1438 922 1464 ac
946 1427 1167 1472 repellantur
1181 1427 1477 1472 inplicenturque
1502 1428 1540 1462 et

222 1493 503 1538 conprimantur.

351 1553 554 1593 Adiectum
587 1554 793 1593 secundum
819 1554 1043 1594 vocabulum
1068 1565 1137 1605 per
1162 1568 1229 1603 que
1253 1554 1388 1594 ceteris
1412 1564 1480 1603 per
1504 1560 1538 1593 et

223 1620 431 1660 coniunctis
458 1619 626 1670 pluriens
652 1620 741 1669 legi,
767 1619 871 1660 velut
897 1624 978 1660 boni
1001 1625 1230 1670 myiseratus
1251 1625 1484 1669 parentesque
1506 1625 1540 1659 et

222 1690 470 1734 praeceptores
509 1691 542 1725 et
582 1689 715 1725 iudices
752 1685 801 1725 di.
829 1686 882 1725 IV
908 1686 967 1735 27,
994 1687 1031 1731 3,
1053 1700 1096 1725 ae
1125 1688 1256 1725 autem
1290 1686 1344 1724 ita
1369 1686 1541 1734 usurpati

226 1763 345 1791 unum
378 1751 595 1800 exemplum
626 1753 778 1791 tantum
810 1754 964 1800 praesto
997 1751 1089 1791 mihi
1115 1754 1175 1792 est
1197 1756 1332 1792 videbis
1355 1755 1478 1792 caedes
1501 1765 1543 1792 ac

225 1830 358 1857 venena
383 1822 582 1856 et-et-et-et-
603 1816 651 1856 di.
677 1817 739 1856 111
767 1818 802 1864 2,
832 1817 865 1856 1.

351 1880 519 1921 Mixture.
554 1882 745 1930 quaedam
783 1880 993 1932 figurarum
1027 1881 1264 1933 polysyndeti
1303 1886 1343 1923 et
1368 1882 1542 1932 asyndeti

225 1946 270 1986 fit
294 1947 434 1985 omissa
457 1947 649 1995 particule,
672 1947 710 1985 in
736 1947 915 1986 membris
940 1947 1146 1996 prioribus,
1179 1948 1309 1988 addita
1334 1950 1543 1997 postremo,

226 2012 328 2060 quod
360 2013 443 2050 tum
469 2011 635 2050 maxime
658 2010 740 2051 fieri
767 2012 877 2060 solet,
904 2012 936 2051 si
961 2012 1100 2052 ultima
1126 2023 1200 2051 vox
1224 2015 1295 2052 aut
1319 2013 1541 2052 anteceden-

226 2077 283 2117 tia
313 2076 439 2116 omnia
463 2078 534 2116 aut
559 2087 658 2126 quae
681 2076 847 2117 nondum
871 2077 1065 2118 nominata
1086 2080 1176 2118 sunt
1200 2077 1461 2129 complectitur
1486 2077 1541 2118 id.-

228 2153 302 2191 que
326 2143 522 2192 proprium
549 2154 631 2183 esse
657 2142 822 2184 officium
839 2159 905 2193 que
920 2144 1131 2194 particulae
1148 2147 1281 2184 notum
1298 2148 1368 2184 est.
1409 2142 1545 2194 Super-

229 2207 340 2247 sedeo
364 2206 513 2248 adferre
538 2209 713 2259 exempla
740 2209 778 2249 id
796 2212 948 2250 tantum
970 2212 1333 2251 commemoraturus
1357 2222 1435 2259 que,
1458 2219 1544 2249 cum

229 2274 435 2314 identidem
473 2274 670 2316 adiectivis
705 2281 810 2316 ceteri
855 2279 895 2317 et
925 2281 1019 2316 alius
1044 2276 1250 2325 adiciatur,
1285 2276 1325 2315 in
1349 2274 1425 2315 fine
1444 2276 1545 2316 vocis

228 2343 389 2387 reliquus
406 2350 481 2378 non
507 2340 665 2379 inveniri
692 2341 793 2390 apud
819 2341 1010 2381 Senecam.
1062 2342 1235 2392 Denique
1259 2340 1308 2381 ab
1332 2340 1545 2381 adhibenda

229 2404 418 2454 particula
454 2410 559 2453 atque
592 2406 630 2444 in
664 2405 736 2445 hoc
766 2417 905 2456 genere
937 2406 1115 2447 Senecam
1144 2416 1294 2455 quoque
1320 2404 1548 2446 abstinuisse

230 2473 343 2520 puto,
378 2481 468 2510 nam
507 2472 608 2520 quod
645 2472 700 2512 ita
732 2473 977 2514 constitutum
1011 2484 1095 2515 osse
1124 2472 1340 2522 exemplum
1361 2470 1546 2519 videatur,

232 2531 343 2572 aliter
370 2535 635 2585 explicandum
663 2540 734 2580 est.
784 2539 942 2588 Legitur
967 2539 1066 2579 enim
1092 2540 1141 2580 di.
1167 2539 1221 2579 IV
1236 2539 1295 2588 19,
1323 2539 1342 2577 1
1369 2551 1453 2578 naon
1467 2551 1546 2577 cm
