1735 2760
838 156 886 200 36

206 278 360 326 tinetur,
387 280 510 319 multo
536 282 663 319 tamen
695 281 836 318 maiore
862 291 955 319 cura
981 279 1229 327 compositum
1243 279 1404 318 videtur.
1444 280 1520 318 De-

202 344 414 392 prehendes
441 344 480 383 in
507 344 577 384 hoc
602 356 714 393 opere
741 356 788 384 ex
814 347 924 393 parte
950 347 1100 383 tantum
1130 346 1281 383 servato

319 411 474 449 noviens
500 425 565 458 que
591 411 610 448 Ι
638 412 671 456 1,
701 412 734 448 6.
794 412 826 456 1,
856 412 889 448 9.
936 412 970 457 5,
998 411 1033 450 4.
1080 411 1112 456 7,
1141 411 1175 449 2.
1228 411 1286 457 11,
1314 411 1348 449 3.
1397 410 1455 457 17,
1483 411 1518 449 2.

586 475 644 521 19,
674 475 706 512 1.
752 475 811 521 26,
840 475 875 513 5.
914 475 952 512 H
979 475 1014 519 5,
1040 476 1075 520 3,

319 540 376 577 bis
504 545 537 578 et
588 540 607 577 I
639 540 696 586 16,
724 540 761 578 4.
800 540 839 578 ΙΙ
866 541 901 586 5,
926 541 961 578 3.

319 604 435 642 semel
492 617 535 643 ac
587 604 616 651 I,
647 604 704 651 13,
734 605 768 642 2.

317 668 523 708 Praeterea
548 668 648 717 quod
675 668 721 707 de
747 683 789 707 ao
813 668 890 707 dixi
916 668 1128 708 adhibitum
1154 668 1192 707 id
1223 680 1305 708 esse
1331 668 1395 707 ubi
1421 679 1519 708 unus

199 734 321 773 solum
350 733 603 781 superlativus
629 734 801 781 adparet,
830 734 866 771 id
894 734 929 771 in
956 735 1027 772 hac
1052 736 1199 772 ratione
1225 734 1345 772 multo
1376 735 1516 773 certius

199 798 246 837 de
271 812 337 846 que
363 797 553 837 adfirmari
585 798 682 844 licet,
712 798 812 845 quod
837 809 922 836 cum
950 799 985 836 in
1008 798 1254 846 cbmparativi
1280 801 1395 847 atque
1419 800 1519 846 posi·

198 862 266 901 tivi
294 864 437 911 gradus
460 863 719 901 coniunctione
748 864 830 900 tum
869 863 905 900 in
938 863 1218 902 continuatione
1243 863 1427 903 orationis
1451 875 1520 912 per

197 928 498 976 comparativam
523 926 684 966 formam
711 927 813 966 sacta
831 927 1119 976 praeponderat.
1172 927 1346 976 Triginta
1371 929 1519 967 circiter

200 994 293 1033 locis
319 994 372 1032 sic
398 1008 465 1041 que
487 996 712 1041 usurpatum
739 996 808 1037 est,
837 1004 923 1031 raro
951 1007 1003 1031 ac.
1066 995 1193 1041 Atque
1220 993 1412 1042 complura
1425 993 1518 1046 ⁸qui-

200 1059 286 1097 dem
312 1059 427 1098 huius
461 1059 611 1107 generis
646 1059 820 1107 exempla
854 1069 1062 1106 proponam
1093 1059 1155 1097 ubi
1183 1060 1230 1098 de
1256 1059 1519 1098 adverbiorum

202 1124 349 1162 ratione
374 1124 596 1163 disseretur.
662 1124 731 1162 Hic
758 1128 884 1162 tamen
920 1135 965 1162 ne
991 1124 1101 1173 plane
1130 1124 1350 1163 testimonia
1374 1125 1517 1164 deside-

201 1191 346 1236 rentur,
375 1190 407 1227 ei
434 1190 507 1228 loci
532 1190 568 1226 in
584 1189 751 1227 medium
776 1190 961 1237 prodeant
992 1190 1055 1237 qui
1081 1191 1381 1238 comparativum
1402 1194 1537 1229 maior⁴

201 1255 427 1293 ostendunt:
455 1266 513 1302 ep.
545 1255 604 1299 77,
630 1256 664 1292 2.
707 1266 764 1303 ep.
797 1255 879 1301 120,
907 1255 941 1293 6.
981 1254 1030 1293 di.
1055 1254 1094 1293 II
1122 1255 1180 1302 12,
1208 1256 1242 1293 2.
1281 1254 1329 1294 di.
1358 1255 1432 1297 VII
1457 1255 1519 1302 26,

202 1321 238 1358 2.
278 1320 312 1359 d.
338 1320 376 1359 b·
403 1320 457 1358 VI
484 1321 543 1366 23,
574 1321 609 1358 4.
648 1331 719 1358 non
748 1320 870 1357 inveni
896 1334 948 1358 ac.
984 1319 1233 1368 comparativi
1244 1324 1331 1367 plus
1347 1319 1520 1368 exempla

200 1389 291 1424 sunt
318 1385 428 1425 haec:
451 1386 500 1423 di.
526 1385 561 1423 X
589 1387 624 1432 4,
652 1386 685 1423 6.
714 1396 749 1423 n.
770 1396 805 1433 q.
827 1384 879 1423 VI
908 1386 967 1431 20,
996 1386 1030 1423 5.
1054 1385 1088 1423 d.
1116 1384 1161 1424 cl.
1189 1385 1208 1422 Ι
1234 1385 1293 1431 21,
1320 1386 1355 1423 2.
1382 1389 1520 1432 acptu-

199 1455 295 1488 rium
320 1450 368 1487 di.
398 1450 473 1488 VII
502 1451 560 1496 14,
588 1451 624 1487 2.
794 1452 797 1455 '

319 1514 493 1552 Tertium
521 1514 681 1561 denique
707 1525 827 1561 genus
854 1513 1111 1562 exemplorum
1139 1524 1212 1560 quo
1248 1514 1427 1552 docemur
1452 1528 1517 1561 que

198 1581 340 1620 artiore
368 1579 518 1620 vinculo
539 1592 622 1620 cum
647 1579 902 1628 comparativo
927 1579 1049 1627 gradu
1072 1578 1310 1617 coniunctum
1328 1589 1421 1626 esse,
1449 1578 1516 1617 ibi·

199 1645 284 1685 dem
312 1646 377 1684 ubi
407 1645 453 1684 de
483 1645 670 1683 adverbiis
699 1655 811 1692 agam
838 1645 1014 1690 invenies,
1042 1644 1179 1691 quippe
1212 1644 1302 1690 quia
1329 1644 1401 1683 illis
1426 1645 1519 1683 locis

201 1726 268 1760 que
292 1722 367 1751 non
394 1711 443 1749 ad
470 1710 594 1759 ipsum
622 1710 920 1758 comparativum
949 1708 1160 1757 adligatum
1186 1711 1257 1755 est,
1286 1708 1351 1748 sed
1378 1707 1425 1746 ad
1453 1708 1518 1746 ad-

200 1777 330 1814 verbia
358 1787 457 1823 quae
485 1776 534 1814 ad
552 1775 804 1813 definiendam
824 1776 901 1813 vim
920 1775 1263 1822 comparativorum
1279 1774 1518 1821 adhibentur,

201 1846 311 1882 multo
338 1842 421 1883 dico
448 1844 487 1882 et
513 1846 642 1890 quanto
670 1844 709 1880 et
735 1845 832 1879 tanto
857 1842 896 1879 et
920 1853 986 1888 quo
1014 1841 1053 1878 et
1077 1852 1127 1877 eo.

841 2010 890 2050 V.

319 2108 593 2157 Progrediatur
620 2106 828 2156 disputatio
861 2109 993 2145 nostra
1017 2106 1065 2144 ad
1097 2105 1383 2146 describendum
1409 2116 1517 2144 usum

201 2185 312 2221 quem
341 2174 377 2211 in
412 2173 662 2221 adiungendis
688 2172 971 2220 pronominibus
1002 2183 1070 2220 per
1103 2186 1169 2220 que
1192 2173 1232 2211 et
1267 2177 1371 2219 atque
1400 2171 1518 2219 parti-

201 2239 306 2278 culas
333 2238 594 2278 observaverit
619 2236 774 2276 Seneca.
835 2237 891 2276 Ac
916 2237 1106 2275 rarissime
1132 2236 1282 2284 quidem
1309 2239 1519 2284 usurpatur

200 2311 312 2352 atque.

319 2384 412 2409 unus
433 2375 559 2418 atque
582 2372 676 2408 idem
700 2379 758 2417 ep.
789 2369 872 2414 110,
903 2369 960 2406 13.
989 2379 1046 2416 ep.
1072 2368 1155 2414 117,
1183 2368 1217 2406 8.
1242 2368 1278 2406 d.
1304 2368 1339 2407 b.
1366 2368 1398 2406 V
1429 2368 1463 2414 8,
1483 2369 1518 2405 3.

319 2440 413 2474 idem
438 2439 526 2475 velle
549 2441 674 2482 atque
700 2439 792 2473 idem
816 2437 910 2472 nolle
933 2445 991 2482 ep.
1018 2434 1077 2480 20,
1108 2434 1143 2472 5.
1183 2444 1241 2481 ep.
1271 2433 1354 2480 109,
1384 2433 1442 2471 16.

319 2506 444 2548 atque
467 2504 544 2547 ipse
570 2499 605 2538 d.
633 2499 669 2538 b.
696 2499 755 2537 III
782 2499 841 2545 27,
875 2499 909 2536 1.

321 2571 406 2605 haec
418 2572 544 2612 atque
571 2569 739 2604 eiusmodi
756 2576 813 2612 ep.
828 2564 888 2612 91,
905 2565 963 2603 13.
979 2574 1036 2612 ep.
1053 2564 1135 2611 108,
1157 2564 1213 2601 12.
1239 2562 1275 2602 d.
1293 2563 1327 2602 b.
1343 2562 1382 2601 II
1399 2563 1459 2614 25,
1480 2563 1513 2601 1.
