1735 2760
838 161 890 206 20'

206 285 368 324 Fallitur
393 285 459 334 qui
485 287 676 325 inversum
704 297 785 326 esse
799 287 983 334 ordinem,
1010 287 1065 325 ita
1093 289 1137 325 ut
1165 297 1235 326 vox
1249 286 1365 327 latius
1389 288 1526 337 patens

202 351 365 399 priorem
380 354 511 390 teneat
523 351 663 398 sedem,
689 355 874 400 sequatur
901 353 1002 391 notio
1016 351 1182 399 inferior,
1208 352 1347 392 iudicet
1372 352 1420 390 di.
1436 352 1469 390 X
1487 353 1525 400 4,

204 417 229 454 4
261 420 323 463 qui
362 417 431 464 (scr
466 416 679 465 Augustus)
711 420 908 456 hominibus
936 420 1165 466 omibusqm
1197 420 1378 464 fortunam
1407 421 1525 457 dabat.

206 480 411 520 Evanescit
436 484 540 520 certe
564 486 651 520 tota
675 483 886 521 sententiae
912 483 980 529 vis,
1006 483 1038 521 si
1055 485 1251 521 romanibus
1276 482 1323 522 de
1348 484 1431 522 toto
1456 482 1523 521 bo-

204 546 350 585 minum
367 557 505 594 genere
530 546 635 586 cuius
657 548 789 595 partes
815 547 892 586 sint
907 552 1038 595 qantos,
1066 545 1209 585 dictum
1225 549 1350 595 putes.
1400 547 1522 586 Immo

204 622 250 649 ea
275 614 336 649 est
361 611 560 650 verborum
587 612 785 660 oppositio,
811 615 855 651 ut
882 617 1035 652 homines
1061 612 1138 652 sint
1155 611 1307 661 singuli,
1326 611 1356 651 'a
1382 611 1521 661 quibus

205 674 474 724 progrediatur
501 676 623 715 oratio
650 675 696 715 ad
725 679 828 715 totas
853 676 1024 715 civitates
1047 687 1147 725 quae
1170 687 1218 714 ex
1244 677 1425 715 societate
1450 677 1523 714 sin-

208 742 383 789 gulorum
408 740 668 781 conficiuntur.
1299 755 1301 757 ·

321 805 402 844 Hoc
434 806 517 844 loco
550 808 750 852 praeterea
783 817 850 844 eae
876 805 1126 844 nominandae
1151 805 1243 844 mihi
1275 808 1365 844 sunt
1389 803 1520 844 verbo-

205 881 289 909 rum
317 870 608 918 compositiones
634 880 731 917 quas
757 871 901 919 volgari
933 873 973 909 et
1006 870 1108 917 trito,
1145 870 1211 909 sed
1243 870 1345 909 inani
1366 870 1522 908 >nomine

204 932 247 972 ἓν
273 932 338 973 διὰ
370 935 481 974 δυοῖν
507 938 652 974 vocant.
704 933 801 972 Nam
821 934 890 973 hoc
907 945 1044 974 nomen
1062 935 1093 973 si
1116 934 1327 984 adplicares
1342 934 1398 973 eis
1423 943 1521 973 com·

203 997 452 1046 positionibus
486 998 623 1045 quibus
663 1009 751 1037 vere
777 998 960 1043 convenit,
993 998 1104 1047 longe
1130 997 1234 1036 aliud
1262 996 1523 1046 exemplorum'

205 1073 325 1110 genus
351 1072 396 1101 eo
430 1065 583 1101 notares
616 1073 730 1110 quam
764 1062 873 1110 volgo
900 1063 956 1101 ita
989 1062 1112 1101 vocari
1145 1063 1290 1102 volunt.
1346 1063 1520 1114 Revera

205 1127 305 1165 enim
331 1123 374 1164 ἓν
399 1125 443 1164 fit
468 1124 533 1164 διὰ
560 1126 672 1164 δυοῖν
697 1130 779 1165 tum
805 1130 967 1173 tantum,
1003 1127 1035 1166 si
1066 1127 1165 1166 duae
1195 1138 1295 1176 quae
1321 1131 1516 1176 ponuntur

206 1192 379 1230 notiones
405 1191 519 1230 aliam
547 1192 739 1239 quandam
764 1192 855 1240 ipsis
873 1192 1105 1241 superiorem
1130 1202 1180 1229 ex
1204 1202 1245 1230 se
1271 1191 1444 1240 gignunt,
1474 1180 1519 1230 u‘t'

203 1261 300 1293 terra
325 1260 487 1303 mariqvoe
511 1257 649 1296 dicitur
673 1268 742 1304 pro
766 1261 893 1304 ubiqw
917 1257 976 1296 vel
1001 1261 1093 1296 diem
1118 1262 1152 1295 et
1174 1262 1315 1295 metm.
1329 1248 1399 1305 pro
1432 1266 1520 1295 sern-

196 1334 275 1367 per,
315 1320 375 1360 vel
410 1325 504 1359 vitae
539 1325 702 1368 necisque
732 1327 940 1369 potestatem
975 1321 1007 1358 Si
1041 1324 1217 1367 infimam
1252 1321 1518 1370 intellegimus.

202 1385 308 1424 Solet
345 1388 474 1425 autem
513 1385 614 1424 illius
652 1385 797 1434 figurae
835 1397 970 1425 nomen
1008 1386 1184 1435 usurpari
1224 1386 1270 1425 de
1303 1386 1517 1425 notionibus

199 1450 349 1489 duabus
375 1461 474 1499 quae
500 1462 547 1489 ex
565 1461 687 1498 aequo
712 1455 916 1498 ponuntur,
943 1461 1029 1489 cum
1047 1451 1168 1489 altera
1183 1450 1294 1490 alteri
1311 1440 1520 1490 inhaereat.

204 1514 339 1563 Itaque
362 1521 508 1562 paterae
531 1521 563 1553 et
585 1530 714 1554 aurum
739 1516 869 1563 (Verg.
897 1516 1034 1563 Georg.
1058 1516 1096 1553 H
1123 1516 1211 1563 192)
1245 1512 1288 1553 ἓν
1320 1512 1386 1554 διὰ
1409 1515 1520 1554 δυοῖν

200 1590 283 1619 esse
330 1579 582 1626 contendunt,
623 1581 712 1628 quia
750 1590 823 1618 non
870 1580 1011 1618 dictum
1045 1580 1096 1619 sit
1128 1594 1259 1619 aureae
1277 1586 1426 1627 paterae.
1452 1581 1519 1619 sed

201 1646 325 1693 ipsum
350 1656 485 1684 aurum
527 1645 636 1693 quasi
668 1645 744 1683 alia
779 1647 818 1683 et
852 1644 1003 1683 diversa
1036 1656 1060 1683 a
1085 1644 1229 1693 pateris
1262 1654 1323 1682 res
1349 1643 1518 1683 additum

199 1711 260 1749 sit.
314 1710 414 1750 Sane
437 1706 487 1748 τὰ
512 1706 583 1748 δύο
610 1720 785 1758 agnosce,
812 1709 876 1748 ubi
901 1720 991 1748 vero
1019 1709 1111 1749 illud
1149 1709 1201 1748 sit
1224 1706 1267 1748 ἓν
1291 1717 1366 1748 non
1393 1710 1517 1749 video.

201 1776 299 1815 Nam
338 1777 440 1825 quod
480 1787 528 1814 ex
562 1779 698 1824 patera
736 1777 776 1813 et
814 1785 907 1814 auro
944 1775 1181 1824 componitur
1207 1774 1405 1822 vas-licet
1430 1786 1515 1814 con·

200 1844 332 1889 spectu
352 1852 472 1878 unum
494 1841 554 1886 sit,
579 1843 710 1878 tamen
733 1840 764 1877 si
778 1838 937 1878 formam
955 1839 1109 1887 respicis
1134 1842 1193 1878 est
1204 1841 1351 1888 patera,
1377 1850 1515 1879 aurum

199 1906 232 1945 si
256 1906 466 1945 materiam.
518 1904 598 1944 Nos
621 1903 771 1954 quidem
789 1904 990 1943 vernacule
1005 1904 1163 1943 dicimus
1186 1899 1347 1952 ‘goldne
1365 1901 1519 1943 Schale'

203 1971 315 2018 quod,
344 1981 429 2009 cum
443 1970 585 2008 maiore
620 1969 657 2007 vi
682 1973 883 2017 prematur
908 1979 1045 2008 nomen
1075 1968 1366 2016 substantivum,
1396 1969 1435 2008 id
1460 1972 1520 2009 est

200 2036 284 2085 ipsa
308 2046 381 2083 res,
404 2037 447 2075 at
465 2034 631 2084 qualitas
649 2034 702 2073 rei
730 2034 913 2073 adiectivo
939 2034 1100 2079 nomine.
1132 2033 1170 2071 id
1201 2036 1261 2073 est
1285 2033 1521 2082 dependente

197 2110 218 2137 e
242 2099 480 2139 substantivo
511 2098 708 2145 indicetur,
743 2097 917 2137 sensibus
956 2100 996 2137 et
1021 2097 1139 2137 oculis
1166 2101 1298 2147 sponte
1323 2101 1370 2137 ut
1394 2109 1521 2138 unum

197 2164 394 2204 subicitur.
459 2164 533 2202 Sed
573 2166 680 2201 errat
717 2164 782 2210 qui
821 2163 1002 2202 versione‘
1021 2167 1163 2202 'nostra
1188 2163 1301 2212 plene
1326 2164 1513 2203 redditam

196 2232 308 2277 putet
331 2230 408 2267 vim
448 2239 582 2268 vocum
610 2233 761 2275 paterae
786 2232 819 2266 et
844 2235 983 2267 aarum.
1035 2226 1138 2267 Nihil
1155 2222 1269 2276 plane
1298 2227 1419 2268 refert
1440 2239 1517 2277 quo

199 2295 310 2334 modo
336 2305 405 2333 nos
430 2297 586 2333 nostrae
601 2293 755 2342 linguae
771 2293 897 2332 ‘verba
921 2292 1119 2341 scriptoris
1137 2287 1373 2333 mandemus.
1399 2293 1517 2333 Erra-

196 2361 251 2399 vit
277 2361 394 2409 igitur
407 2360 583 2405 Rothius‚
611 2359 675 2407 qui
701 2359 739 2398 in
753 2358 881 2398 libello
907 2358 955 2397 de
979 2354 1022 2397 ἓν
1047 2354 1113 2397 διὰ
1136 2357 1247 2398 δυοῖν
1271 2358 1397 2408 figura
1411 2359 1515 2408 apud

196 2425 371 2465 Tacitum
392 2425 600 2473 composito
618 2427 802 2472 quattuor
818 2424 930 2463 huius
948 2423 1098 2471 figurae·
1109 2431 1251 2472 ‘genera
1267 2423 1515 2464 discernenda

195 2502 278 2532 esse
305 2491 454 2530 statuit.
504 2490 607 2528 Nihil
634 2493 762 2529 autem
794 2494 973 2536 errasset,
1013 2489 1045 2528 si
1067 2492 1267 2537 quattuor
1275 2488 1402 2538 ‚modis
1427 2483 1511 2528 eam

195 2569 218 2595 a
244 2557 350 2595 nobis
374 2557 480 2595 reddi
508 2557 679 2595 dixisset.
731 2554 913 2594 Nostrum
932 2557 991 2594 est
1014 2555 1219 2595 aestimare
1235 2564 1281 2595 ao
1298 2554 1517 2604 ponderare
