1735 2760
831 110 879 149 23

201 243 243 268 ac
274 232 374 277 viyor
409 228 544 268 di.111
577 229 610 275 7,
650 229 682 267 1.
731 233 836 268 viae
867 232 1023 276 pondere
1057 229 1092 268 d.
1122 229 1157 268 b.
1193 229 1226 267 V
1263 231 1297 276 3,
1326 232 1361 269 3.
1414 236 1514 269 viae

194 308 320 343 puqna
343 305 380 333 n.
405 305 441 344 q.
480 294 513 332 V
541 295 599 344 12,
629 295 664 333 2.
761 299 814 334 vis
849 298 1033 343 flatusque,
1062 294 1163 344 quod
1196 294 1334 344 legitur
1367 305 1424 345 ep.
1451 296 1511 343 91,

201 360 248 398 12
274 369 347 397 non
373 359 542 399 eiusdem
566 362 728 399 naturae
752 363 820 399 est.
1044 364 1046 366 ’

319 424 375 465 Ut
399 425 493 464 haec
518 435 600 475 vox,
627 426 682 465 sic
708 425 1005 474 alteraquoqne
1031 425 1222 465 conciliari
1256 437 1298 465 se
1324 437 1407 464 cum
1435 426 1509 465 alio

200 489 381 530 vocabulo
411 490 482 530 nisi
513 501 582 539 per
611 504 654 530 ae
693 491 867 539 copulam
905 489 986 530 fere
1023 501 1099 530 non
1130 491 1285 540 patitur,
1311 496 1510 540 perieulum
1559 484 1561 486 ¹

198 554 290 595 dieo.
337 555 434 595 Vide
458 555 557 595 enim
583 560 750 596 damnmn
774 570 817 595 ae
839 558 1037 604 periculum
1060 556 1097 595 d.
1123 558 1158 597 b.
1187 556 1226 595 H
1254 557 1311 602 14,
1329 558 1374 595 ·3.
1411 557 1446 595 d.
1473 557 1510 595 b.

198 620 251 659 IV
275 621 337 668 12,
365 622 399 659 2.
449 626 691 669 navigationes
721 635 763 660 ae
793 625 958 668 pericula
989 632 1048 669 ep.
1078 621 1137 668 58,
1173 622 1233 660 30.
1266 625 1417 661 materia
1440 626 1510 660 cri-

195 677 374 725 minieue
394 689 549 733 periculi
573 685 609 725 d.
636 685 681 725 el.
706 686 726 724 I
752 686 813 734 26,
839 687 875 724 2.
902 689 979 725 sine
1003 690 1191 725 certamine
1215 700 1258 725 ae
1277 691 1437 734 per-‘mdo
1461 686 1510 724 di.

197 750 231 789 V
258 751 319 798 28,
345 752 381 789 2.
432 748 572 789 Contra
597 763 676 789 cum
699 753 819 790 labore
839 753 1031 798 perieuloq.
1051 749 1098 789 di.
1118 749 1192 789 VII
1212 750 1269 801 14,
1290 751 1326 789 2.
1368 749 1506 789 Utrum

196 815 256 855 his
282 825 432 864 quoqne
468 815 559 854 locis
597 815 647 854 ad
667 815 879 865 eligendum
917 829 959 854 ac
992 816 1163 865 gravitas
1199 816 1398 855 verborum
1433 827 1510 855 mo-

197 883 366 920 mentum
391 869 573 920 adtulerit
600 892 648 920 an
674 883 815 920 natura
829 880 981 920 litterae
1003 895 1042 928 p,
1067 891 1166 930 quae
1181 880 1400 929 saepissime
1425 892 1509 920 eum

196 958 238 984 ae
274 945 533 994 committitur,
568 946 607 984 in
647 956 831 993 suspenso
863 946 988 994 potius
1027 945 1314 993 relinquendum
1347 946 1507 985 videtur.

195 1009 341 1048 Maiore
367 1013 496 1050 autem
536 1009 673 1050 fiducia
709 1009 799 1049 freti
822 1010 862 1048 in
900 1010 1023 1060 prima
1060 1010 1165 1049 verbi
1192 1006 1322 1050 littera
1351 1021 1505 1050 causam

195 1086 263 1113 cur
288 1075 516 1114 scriberetur
540 1090 583 1114 ac
613 1074 727 1114 fuisse
751 1075 1019 1114 contendemus
1049 1075 1127 1114 his:
1153 1080 1302 1115 ebrietas
1331 1090 1374 1115 ac
1398 1079 1507 1115 libido

197 1150 256 1188 ep.
283 1140 342 1187 47,
371 1140 406 1178 7.
436 1150 494 1188 ep.
522 1140 581 1187 59,
606 1141 664 1179 11.
689 1144 809 1179 vinum
833 1154 876 1179 ae
900 1144 1009 1179 libido
1024 1150 1081 1188 ep.
1107 1141 1169 1187 59,
1198 1140 1243 1178 17
1269 1140 1319 1178 di.
1345 1140 1381 1178 X
1409 1141 1443 1187 7,
1473 1141 1505 1179 1.

195 1209 283 1253 qula
309 1219 352 1245 ac
380 1209 489 1244 libido
514 1216 571 1254 ep.
604 1206 687 1252 124,
710 1206 745 1245 3.
773 1205 821 1244 di.
848 1205 922 1244 VII
949 1205 1006 1252 13,
1040 1206 1075 1243 2.
1109 1211 1227 1244 venter
1256 1219 1299 1244 ac
1333 1209 1441 1245 libido
1466 1205 1502 1244 d.

198 1270 233 1309 b.
262 1270 334 1308 VII
360 1272 394 1317 2,
422 1272 458 1308 2.
485 1270 542 1309 De
567 1270 618 1309 di.
636 1269 672 1308 X
698 1271 733 1318 7,
760 1265 788 1309 ‘1
821 1275 862 1309 in
881 1274 1046 1309 Venerem
1069 1284 1110 1309 ac
1140 1274 1317 1309 libidinem
1336 1275 1508 1318 proiecto-

195 1349 278 1374 rum
300 1339 484 1375 inhonesta
507 1339 603 1375 tabes
627 1342 679 1376 est
704 1346 788 1375 cum
816 1335 969 1375 Gertzio
995 1334 1186 1375 consentio
1213 1336 1340 1375 verbis
1369 1340 1409 1375 in
1440 1339 1503 1375 Ve-

195 1396 314 1441 'nerem
337 1414 379 1440 ac
403 1404 585 1440 libidinem
609 1401 728 1441 otiose
747 1401 847 1440 idem
865 1401 922 1440 bis
948 1400 1149 1450 significari
1174 1400 1363 1440 iudicante
1388 1411 1510 1449 eaque

199 1466 247 1505 de
272 1477 315 1505 re
339 1476 389 1505 ex
421 1466 678 1514 superioribus
712 1466 937 1506 editionibus
963 1472 1118 1506 ventrem
1141 1469 1349 1506 revocante.
1417 1456 1507 1506 Iure

198 1532 313 1571 etiam
339 1533 494 1580 propter
525 1531 641 1571 verba
667 1531 929 1572 antecedentia
953 1537 1076 1571 errant
1102 1535 1141 1571 et
1160 1537 1309 1580 peccant
1342 1532 1507 1571 correxit

195 1601 292 1636 tabes
315 1597 354 1635 in
381 1601 489 1641 labes,
515 1597 561 1636 de
586 1608 662 1645 qua
693 1607 784 1636 voce
808 1595 992 1643 conferas,
1024 1598 1056 1636 si
1083 1597 1208 1645 placet
1240 1598 1287 1635 di.
1316 1597 1367 1636 VI
1393 1598 1453 1645 22,
1482 1599 1506 1636 2

195 1665 306 1701 antimi
329 1665 425 1701 mlle
449 1665 555 1701 labes.
997 1682 1000 1685 -

821 1842 886 1882 1v.

316 1923 573 1963 Transeamus
600 1923 648 1962 ad
667 1922 855 1963 adiectiva
875 1925 992 1971 atque
1007 1926 1158 1962 servato
1183 1922 1313 1961 ordine
1329 1923 1503 1971 'primum

194 1987 241 2027 de
266 1987 481 2028 notionibus
498 1988 694 2036 contrariis
712 1987 950 2027 disseramus.
1001 1986 1185 2027 Nolumus
1202 1991 1332 2027 tamen
1358 1998 1507 2026 omnem

193 2063 391 2092 numerum
417 2041 619 2100 effundere,
646 2064 732 2092 cum
746 2052 819 2092 iam
847 2062 963 2101 supra
988 2052 1027 2090 in
1052 2052 1181 2091 ordine
1200 2053 1394 2092 nominum
1419 2052 1508 2091 sub-

194 2119 444 2158 stantivorum
469 2119 662 2166 complura
687 2118 859 2167 exempla
883 2121 1063 2167 congesta
1088 2117 1179 2165 sint3
1208 2128 1254 2157 ne
1280 2128 1326 2157 ea
1350 2117 1502 2165 quidem

194 2182 440 2224 describendo
468 2183 666 2222 enuntiata
697 2183 733 2221 in
762 2182 898 2231 quibus
927 2181 1001 2220 duo
1035 2182 1146 2222 huius
1180 2185 1293 2221 notae
1319 2181 1503 2221 adiectiva

193 2249 334 2289 nomini
352 2249 588 2288 substantivo
599 2248 774 2297 adposita
794 2252 894 2295 sunt,
922 2247 1022 2296 quod
1048 2247 1091 2287 fit
1117 2249 1166 2287 30
1179 2247 1259 2287 fere
1275 2247 1378 2296 locis,
1406 2251 1501 2287 tem-

192 2325 266 2363 pus
288 2323 561 2354 consumemus.
599 2312 749 2353 Sufficit
761 2315 884 2354 totum
902 2312 973 2359 hoc
987 2323 1107 2361 genus
1119 2314 1250 2363 paucis
1268 2313 1504 2352 inlustrasse.

316 2378 561 2428 Componitur
574 2377 766 2417 interdum
784 2389 891 2427 pron.
906 2388 1006 2427 poss.
1025 2380 1066 2417 et
1083 2378 1309 2418 adiectivum
1328 2381 1505 2426 αῑὲεηωηις

191 2444 245 2484 sic
268 2457 369 2484 auam
394 2447 578 2492 alienam.
605 2446 787 2483 libidinem
816 2454 875 2492 ep.
901 2443 962 2493 99,
991 2443 1050 2483 13.
1080 2443 1154 2483 huc
1187 2443 1375 2483 accedunt
1398 2443 1433 2484 d.
1459 2443 1503 2483 cl.

130 2543 132 2545 .
191 2510 211 2550 I
240 2511 273 2557 1,
301 2510 334 2548 1.
362 2508 412 2549 di.
436 2509 496 2548 111
524 2509 583 2556 16,
607 2509 643 2547 3.
669 2519 706 2547 n.
733 2519 769 2557 q.
796 2508 829 2547 V
858 2508 915 2556 18,
943 2508 979 2547 9.
