1735 2760
818 115 867 155 49

205 234 278 274 sita
312 245 398 274 cum
430 248 496 283 que
518 227 772 285 compluribus
798 235 888 275 locis
913 235 1096 285 leguntur
1120 244 1190 273 nec
1215 235 1343 273 tamen
1368 244 1517 282 semper

205 299 335 339 eodem
374 304 504 348 sensu,
538 304 707 349 hodieque
739 300 821 341 dico
852 304 892 340 et
926 303 1142 349 quandoque.
1194 298 1321 346 Atque
1351 302 1519 346 hodieque

205 365 421 403 observavit
444 364 662 414 Draegerus
698 376 735 413 p.
761 366 811 403 43
842 375 930 405 raro
963 365 1120 403 inveniri
1158 375 1202 402 eo
1236 362 1449 412 significatu
1475 366 1519 401 ut

207 433 308 470 esset
331 434 433 469 hodie
460 444 592 479 quoque
616 441 685 469 nec
712 430 750 470 id
776 433 867 471 ante
884 429 1004 470 Vellei
1020 431 1204 479 tempora,
1235 439 1307 467 non
1327 428 1404 479 legi
1416 427 1519 478 apud

204 495 353 534 Livium
388 498 503 543 atque
525 495 799 544 posterioribus
825 506 977 545 quoque
1003 494 1238 544 temporibus
1264 493 1456 534 rarissimo
1481 494 1518 532 in

204 571 276 600 usu
302 571 395 612 esse,
419 561 474 601 ita
501 564 544 600 ut
573 561 674 611 apud
700 562 912 612 complures
938 562 1142 611 scriptores
1167 571 1242 600 non
1269 562 1395 600 exstet
1412 559 1516 599 velut

204 626 307 675 apud
331 622 516 666 Tacitum.
568 626 673 673 Quod
698 630 800 667 reete
824 627 966 667 dictum
992 626 1160 675 videtur3
1186 626 1233 666 de
1259 636 1343 665 meo
1366 626 1515 664 adicere

202 702 367 741 possum,
402 690 545 731 frustra
579 702 640 730 me
665 691 702 730 in
729 691 849 731 Curtii
873 690 961 731 Rufi
987 690 1144 730 historia
1167 694 1333 738 hodieqw
1361 689 1516 728 verbum

204 757 444 807 quaesivisse.
481 757 555 797 Sed
573 757 675 806 quod
688 758 853 798 laudatis
865 757 1064 808 perpaucis
1081 757 1171 796 locis
1185 757 1223 795 in
1237 756 1372 805 quibus
1386 756 1442 795 ita
1457 759 1518 796 ho-

204 825 326 870 dieque
348 821 583 872 exhibeatur,
618 822 724 861 addit
747 822 979 872 Draegerus‚
1011 825 1137 862 cetera
1167 832 1266 870 quae
1294 821 1518 860 adferantur

204 888 380 937 exempla
395 887 506 927 huius
527 899 619 928 usus
640 890 709 927 aut
734 887 807 928 fide
821 899 932 938 egere
946 891 1015 927 aut
1027 886 1252 927 novissimae
1267 885 1405 926 aetatis
1419 898 1515 934 esse,

205 951 296 991 mihi
321 952 472 1001 quidem
497 963 571 991 non
596 953 782 1002 probavit.
823 952 923 991 Nam
948 952 1173 1002 aliquotiens
1199 951 1427 1000 deprehendi
1445 951 1516 990 hoc

205 1017 429 1057 vocabulum
464 1019 564 1068 apud
592 1017 785 1059 Senecam.
838 1018 964 1059 Semel
1002 1020 1164 1067 tantum,
1202 1018 1241 1057 ni
1266 1017 1388 1065 fallor,
1417 1016 1518 1057 idem

207 1085 267 1123 est
305 1085 421 1131 atque
468 1089 500 1123 et
543 1088 646 1123 hodie
683 1084 776 1133 (und
816 1083 929 1123 heute
965 1084 1094 1134 noch),
1138 1087 1345 1131 hodieque
1383 1087 1422 1121 id
1461 1096 1519 1121 ex-

204 1154 277 1187 stat
307 1153 348 1187 iu
379 1152 611 1197 auguralibus
641 1152 744 1188 h‘bmfs
779 1160 835 1197 ep.
864 1149 947 1197 108,
975 1149 1041 1197 31;
1080 1159 1218 1187 novum
1254 1148 1351 1188 enim
1379 1158 1465 1187 eum
1492 1159 1516 1187 a

206 1223 295 1253 voce
329 1216 496 1261 hodieque
519 1213 676 1263 incipiat
700 1213 958 1264 enuntiatum,
999 1227 1064 1262 que
1086 1213 1158 1252 hoc
1183 1213 1332 1262 quidem
1360 1213 1441 1252 loco
1467 1213 1517 1251 ad

205 1279 485 1328 coniungendas
521 1280 727 1319 sententias
759 1279 970 1318 adhibitum
1005 1290 1086 1318 esse
1111 1279 1289 1319 dicemus.
1343 1278 1415 1318 Sed
1442 1278 1518 1316 alia

205 1354 267 1382 res
292 1345 352 1382 est
383 1343 517 1382 ceteris
541 1342 653 1383 locis:
676 1347 760 1383 haec
786 1343 1016 1392 (clementia)
1041 1347 1251 1392 hodieque
1274 1349 1438 1391 praestat
1464 1346 1521 1380 illi

202 1410 336 1454 famam
360 1407 396 1446 d.
422 1408 467 1447 cl.
492 1408 512 1446 Ι
544 1408 601 1456 10,
630 1410 670 1457 2;
705 1409 766 1448 vel
804 1410 837 1449 si
876 1409 947 1449 hoc
974 1419 1124 1457 quoque
1148 1410 1230 1448 loco
1257 1423 1321 1457 que
1346 1409 1518 1448 coniunc-

206 1473 298 1513 tioni
331 1473 511 1514 inservire
547 1473 677 1524 fingis,
713 1475 799 1525 lege
823 1475 925 1524 quod
949 1486 986 1514 n.
1013 1485 1048 1523 q.
1076 1475 1096 1514 Ι
1122 1486 1181 1523 pr.
1206 1476 1230 1513 3
1255 1475 1436 1524 scriptum
1461 1477 1521 1514 est

207 1538 308 1587 (cum
333 1538 435 1578 disco
460 1539 526 1588 an)
554 1544 656 1579 liceat
671 1544 727 1578 illi
747 1545 956 1589 hodieque
973 1545 1157 1580 decernere
1174 1546 1206 1579 et
1223 1554 1266 1580 ex
1280 1544 1352 1589 leqe
1363 1544 1519 1586 fatorum

206 1607 344 1651 aliquid
367 1607 547 1653 deroqare.
591 1604 665 1643 Ter
690 1609 887 1653 praeterea
910 1606 949 1644 in
979 1605 1144 1655 epistula
1161 1606 1210 1644 90
1229 1604 1522 1654 deprehenditur

205 1682 276 1707 non
300 1661 509 1716 hodieque
533 1684 661 1718 maqna
687 1673 898 1718 Scytharum
916 1685 1009 1725 pao-s
1031 1674 1140 1719 terqis
1176 1674 1334 1718 vulpium
1356 1674 1520 1709 induitur

207 1747 248 1772 ae
281 1737 449 1773 mrum?
471 1735 495 1782 ξ
525 1735 582 1782 16,
609 1739 712 1775 immo
745 1750 815 1774 non
847 1739 931 1775 aliis
967 1740 1163 1784 excogitata
1194 1740 1265 1774 ista
1299 1741 1382 1774 sunt
1418 1748 1522 1783 quam

206 1802 330 1845 quihus
352 1802 559 1846 hodieque
585 1805 758 1838 curantur
783 1801 807 1847 ἓ
825 1801 884 1845 25,
901 1800 922 1849 5
939 1802 988 1838 33
1004 1800 1067 1838 ubi
1081 1801 1322 1839 Democritus
1336 1800 1521 1838 invenisse

207 1862 345 1902 dicitur
377 1867 662 1910 quemadmodum
695 1868 854 1904 decoctus
884 1868 1037 1904 calculus
1061 1869 1101 1904 in
1124 1868 1356 1912 emaraydum
1381 1878 1521 1903 eonver-

205 1932 355 1975 teretur,
392 1942 462 1975 qua
488 1932 694 1977 hodieque
719 1935 863 1969 coctura
884 1934 1017 1969 inventi
1042 1934 1178 1978 lapides
1203 1934 1339 1969 coctiles
1364 1933 1520 1984 colorau-

206 1997 275 2033 tur.
326 1992 385 2033 Sic
411 1993 586 2034 Haasiusr
615 1993 717 2035 futili
757 1995 893 2036 codicis
927 1995 958 2034 B
984 1995 1144 2036 lectione
1170 1999 1233 2035 hoc
1257 1998 1362 2035 utiles
1389 1998 1519 2045 spreta

207 2061 417 2098 ceterorum
456 2059 622 2099 codicum
634 2061 813 2110 ,vestigia
846 2065 1009 2101 secutus.
1063 2062 1196 2110 Neque
1228 2065 1360 2100 tamen
1392 2061 1441 2100 ad
1464 2061 1523 2100 in-

195 2121 359 2173 ‘tegi-um
390 2123 461 2163 hoc
490 2123 600 2164 modo
632 2124 832 2179 restitutus
867 2126 1068 2173 est-locus.
1119 2126 1218 2165 Nam
1243 2126 1391 2175 lapides
1417 2129 1523 2165 ante-

207 2200 322 2238 quam
349 2190 565 2230 colorentur
589 2190 748 2230 inveniri
774 2190 921 2240 debere,
949 2203 1024 2231 non
1037 2195 1097 2233 est
1114 2191 1213 2241 quod
1233 2191 1422 2241 expressis
1439 2203 1522 2232 ver-

206 2254 267 2294 bis
292 2253 451 2301 dicatur.
501 2255 585 2294 Non
612 2255 659 2295 de
684 2255 871 2304 lapidibus
896 2257 1071 2305 inventis,
1099 2257 1165 2297 sed
1191 2258 1238 2297 de
1267 2261 1444 2297 cocturae
1470 2257 1526 2295 in-

208 2320 385 2373 ventione
422 2323 555 2361 auctor
593 2321 778 2361 disserere
815 2323 1006 2370 putandus
1041 2325 1110 2363 est.
1184 2323 1318 2372 Itaque
1354 2322 1454 2362 hunc
1487 2323 1524 2361 in

209 2384 362 2424 modum
398 2386 670 2427 restituendum
699 2385 866 2435 suspicor
890 2401 957 2435 quo
982 2390 1184 2436 hodieque
1216 2394 1376 2428 cocturae
1401 2393 1519 2427 iuven-

198 2455 251 2500 ¹to.
303 2451 388 2489 Non
421 2451 660 2491 consentiunt
692 2450 839 2489 codices
875 2450 907 2488 E
933 2452 972 2488 et
1000 2450 1029 2488 B
1055 2462 1090 2490 n.
1118 2463 1153 2501 q.
1181 2451 1253 2490 VII
1277 2452 1338 2501 25,
1366 2453 1401 2500 3,
1430 2462 1520 2500 quo-

1263 2520 1283 2550 4
