1735 2760
831 104 897 143 ,61

852 250 897 288 Χ.

341 325 398 364 De
429 325 645 376 anaphorae
678 325 800 376 figura
835 337 935 375 quae
968 329 1124 365 vocatur
1150 325 1209 363 vel
1235 328 1279 364 ut
1303 324 1422 363 latino
1447 327 1531 363 uta-

218 401 304 429 mur
330 391 513 430 vocabulo
539 392 585 430 de
607 391 832 439 repetitione
859 402 958 431 nunc
984 391 1144 430 locuturi
1172 401 1318 446 sumus,
1344 389 1530 437 siquidem

214 455 285 495 hoc
311 456 380 496 sub
408 456 519 496 titulo
543 467 641 505 quae
659 460 838 496 secuntur
857 456 1030 506 exempla
1047 466 1268 505 componere
1294 455 1400 511 nobis
1427 454 1527 493 licet.

213 520 260 560 N.
287 531 323 569 q.
352 522 410 560 III
441 523 497 568 16,
527 523 547 561 1
573 522 690 571 igitur
719 522 815 562 hanc
840 523 933 571 legis
971 522 1197 561 sententiam
1225 524 1286 559 sed
1311 516 1422 568 qua‘re
1453 524 1530 568 qui-

214 589 298 625 dam
317 586 435 635 fontes
459 591 553 626 senis
576 592 673 626 horis
691 592 791 635 pleni
808 592 969 635 senisque
993 591 1075 626 sicci
1100 590 1207 626 sunt?
1251 586 1450 624 Adiectum
1469 587 1530 623 est

213 664 279 698 que
302 651 465 690 iteratae
490 653 569 690 voci
595 656 688 691 senis
704 655 859 700 propter
886 653 1007 700 ipsam
1024 651 1298 699 repetitionem.
1351 650 1407 687 Ea
1427 648 1528 688 enim

214 718 273 754 est
296 716 354 755 vis
378 716 590 764 particulae
615 716 715 756 illius
744 720 787 756 ut
812 717 948 756 similia
970 717 1185 764 coniungat.
1238 714 1317 754 Nec
1342 716 1402 754 est
1426 714 1528 763 quod

214 780 306 819 mihi
331 781 470 820 obicias
498 782 720 830 scriptorem
747 782 850 830 loqui
886 782 933 820 de
964 781 1112 821 diverso
1138 781 1298 819 fontium
1326 783 1444 827 statu,
1478 780 1526 817 si-

213 847 312 887 milis
338 847 438 887 enim
465 846 525 886 vel
548 848 678 895 potius
713 860 785 897 par
818 848 916 887 alter
946 848 1058 886 alteri
1091 849 1151 886 est
1178 845 1362 895 temporis
1390 845 1524 895 spatio.

210 913 391 952 Attamen
423 912 494 952 hoc
532 913 612 953 loco
650 925 724 953 non
749 914 789 953 in
820 914 975 953 arbitrio
1008 912 1202 962 scriptoris
1236 912 1401 961 positum
1426 913 1524 956 erat,

210 981 342 1016 utrum
361 977 584 1017 vocabulum
607 981 798 1026 repeteret
814 989 943 1025 necne,
959 978 1043 1026 ipsa
1060 989 1121 1017 res
1143 978 1326 1025 poposcit.
1377 976 1523 1016 Eadem

208 1042 297 1082 vero
323 1043 528 1082 necessitas
563 1042 663 1092 parti
689 1053 820 1082 eorum
855 1042 1112 1091 exemplorum
1137 1042 1256 1089 abest,
1282 1051 1380 1090 quae
1406 1051 1523 1090 supra

210 1108 250 1146 in
278 1111 483 1156 conspectu
498 1108 704 1156 posuimus,
730 1109 794 1146 ubi
819 1109 866 1146 de
883 1108 1167 1156 pronominibus
1192 1108 1427 1156 disputatum
1451 1110 1521 1146 est.

210 1172 380 1213 VIdimus
406 1173 481 1212 illic
506 1173 544 1212 in
573 1173 798 1222 repetitione
822 1172 1053 1222 pronominis
1079 1171 1229 1211 relativi
1254 1185 1321 1220 que
1344 1171 1521 1221 positum,

210 1240 328 1287 atque
351 1239 391 1276 in
412 1238 582 1287 exemplo
609 1238 709 1286 quod
726 1241 853 1277 exstat
881 1249 917 1277 n.
943 1248 979 1285 q.
1007 1238 1060 1276 VI
1090 1239 1122 1287 1,
1150 1239 1197 1276 10
1221 1242 1308 1277 istos
1333 1242 1395 1286 qui
1421 1241 1521 1277 Gam-

204 1308 338 1351 pam'ae
351 1308 642 1343 renuntiaverunt
655 1307 783 1351 quiqm
790 1309 871 1351 post
890 1307 983 1355 hunc
999 1317 1117 1342 casum
1131 1306 1389 1351 emigraverunt
1402 1303 1439 1349 ii,
1456 1303 1521 1351 qui

208 1369 472 1418 migrationem
512 1368 667 1417 faciunt,
704 1380 746 1408 re
772 1368 924 1417 quidem
959 1368 1071 1407 iidem
1100 1371 1190 1408 sunt
1226 1372 1342 1416 atque
1375 1368 1431 1407 illi
1456 1369 1520 1418 qui

212 1433 443 1481 Campaniae
469 1434 700 1481 renuntiant,
727 1434 843 1473 verba
869 1438 997 1473 autem
1023 1435 1079 1472 ita
1103 1436 1324 1482 comparata
1349 1437 1450 1480 sunt,
1475 1438 1519 1472 ut

207 1497 320 1538 facile
350 1499 481 1539 credas
519 1499 565 1538 de
605 1499 763 1539 diversis
799 1499 1012 1538 hominibus
1050 1499 1271 1548 scriptorem
1307 1499 1422 1547 loqui.
1474 1499 1518 1537 In

206 1563 305 1602 hunc
330 1568 458 1603 autem
494 1575 659 1604 errorem
697 1565 897 1612 quominus
931 1564 1138 1604 incidamus
1173 1564 1419 1613 prohibemur
1452 1578 1519 1613 que

205 1629 403 1677 particula,
434 1640 510 1678 qua
527 1628 647 1668 artior
673 1628 835 1668 efficitur
851 1630 1124 1669 sententiarum
1149 1630 1352 1679 copulatio.
1390 1631 1518 1678 Atque

204 1693 317 1732 huius
342 1697 455 1733 notae
472 1695 645 1743 exempla
672 1695 774 1744 apud
800 1694 992 1741 Senecam,
1024 1706 1109 1734 cum
1126 1706 1199 1733 non
1225 1696 1256 1734 is
1283 1696 1333 1734 sit
1359 1695 1520 1744 scriptor

204 1757 269 1805 qui
293 1757 491 1798 brevitatis
519 1770 647 1798 curam
673 1763 775 1808 agat,
802 1760 914 1809 plura
937 1760 1114 1799 invenies.
1167 1760 1363 1799 Interdum
1388 1763 1518 1799 autem

206 1813 424 1862 diversitate
448 1824 647 1863 verborum
682 1835 703 1863 e
737 1825 872 1872 quibus
899 1825 1050 1874 singula
1075 1825 1244 1864 membra
1270 1825 1436 1874 pendent
1457 1836 1518 1864 re-

202 1889 332 1936 petere
356 1888 506 1935 cogitur
532 1889 694 1937 scriptor
726 1889 804 1928 sive
838 1890 994 1928 eandem
1030 1891 1108 1929 sive
1144 1890 1259 1928 aliam
1285 1890 1517 1938 pronominis

201 1950 373 1999 formam,
399 1955 444 1990 ut
467 1957 569 1991 cuius
592 1957 665 1992 iam
690 1967 751 1993 res
776 1958 947 2003 aqebatur
973 1959 1139 2003 cuiusque
1172 1960 1323 1994 mam'me
1344 1959 1516 1995 intererat

202 2016 252 2055 di.
281 2016 332 2055 VI
362 2017 420 2064 15,
447 2018 469 2055 2
500 2021 568 2056 aut
592 2023 655 2067 qui
674 2022 789 2058 colant
811 2024 1003 2068 quibusque
1026 2034 1096 2059 mm
1115 2024 1257 2068 placeat
1278 2020 1314 2059 d.
1341 2021 1376 2059 b.
1403 2021 1461 2059 IV
1482 2021 1516 2069 l,

202 2081 237 2119 2.
306 2080 359 2119 Ut
385 2082 423 2119 in
443 2082 502 2121 his
527 2084 733 2123 enuntiatis
760 2086 912 2132 utrique
938 2085 1105 2124 membro
1133 2097 1245 2124 suum
1271 2089 1329 2125 est
1354 2086 1513 2125 verbum

200 2144 360 2194 finitum,
387 2147 442 2186 ita
468 2147 583 2186 etiam
611 2149 650 2186 in
677 2148 734 2187 his
760 2160 858 2198 quae
885 2152 1064 2189 secuntur
1090 2150 1295 2199 exemplis:

284 2215 613 2254 quantus-quant-usq.
636 2213 680 2246 ui.
704 2213 720 2244 1
735 2215 765 2255 2,
788 2215 818 2246 4.
841 2201 928 2247 dffv
950 2216 980 2252 3,
996 2216 1027 2247 2.
1072 2215 1286 2257 quod-quodq.
1313 2216 1358 2249 di.
1381 2216 1412 2248 11
1436 2218 1465 2258 1,
1483 2218 1515 2250 3.

284 2269 330 2303 di.
353 2269 400 2303 111
420 2270 472 2310 20,
496 2270 525 2304 8.
550 2270 595 2304 di.
618 2269 680 2304 VII
705 2272 732 2313 1,
753 2272 784 2305 3.
827 2274 1143 2315 quantus-quantoq.
1165 2272 1211 2306 di.
1232 2272 1294 2306 V11
1320 2275 1348 2316 1,
1375 2275 1403 2307 1.
1441 2277 1515 2307 tan-

284 2331 476 2370 tus-tantoq.
500 2340 533 2361 n.
561 2339 592 2370 q.
616 2328 663 2361 111
698 2330 748 2371 18,
776 2331 806 2363 3.
863 2334 1164 2373 quam-quantumq.
1192 2343 1225 2365 n.
1257 2343 1288 2374 q.
1319 2332 1365 2366 VI
1398 2333 1450 2375 32,
1485 2335 1514 2365 3.

286 2389 575 2428 quanto-quantam
597 2386 630 2418 d.
651 2387 683 2419 b.
705 2386 722 2418 I
746 2388 796 2428 15,
818 2388 849 2419 4.
873 2387 904 2420 d.
925 2388 965 2420 cl.
989 2389 1048 2429 15,
1071 2389 1100 2421 2.
1117 2390 1386 2432 'qualis-qualisq.
1409 2391 1452 2422 di.
1465 2390 1512 2421 XI

287 2446 336 2487 18,
357 2445 387 2478 8.
431 2454 667 2487 quam-quamq.
690 2444 722 2478 d.
743 2445 775 2478 b.
795 2445 826 2479 V
848 2446 899 2488 1⁷,
923 2446 952 2478 1.
966 2445 1011 2479 di.
1034 2446 1063 2480 V
1085 2447 1138 2489 30,
1155 2448 1186 2480 2.
1201 2459 1234 2481 n.
1257 2459 1288 2491 q.
1311 2449 1357 2483 IV
1378 2459 1427 2491 pr.
1451 2449 1508 2481 22.

282 2503 353 2536 alia
370 2503 508 2544 fortuna
528 2503 653 2544 aliter-q.
677 2504 838 2537 mirabilis
857 2504 903 2536 di.
925 2504 971 2537 VI
998 2506 1050 2546 18,
1071 2506 1102 2538 4.
