1735 2760
853 120 901 160 10

195 266 198 269 -
219 246 487 288 tractamusque.
536 241 658 279 Multo
685 240 805 280 maior
831 243 890 279 est
915 240 1026 289 copia
1041 240 1314 290 exemplorum
1339 240 1379 280 in
1392 241 1532 290 quibus

217 303 452 344 adfinitatem
479 307 596 354 atquc
620 303 736 344 etiam
753 314 977 343 consensum
992 305 1194 343 verborum
1211 304 1415 345 observare
1429 306 1528 346 licet.

217 370 379 409 Rariora
407 369 559 419 quidem
583 370 678 409 talia
704 373 836 416 erunt,
874 369 1006 419 paucis
1031 369 1201 418 exceptis
1226 372 1395 418 quaemt
1419 375 1531 411 scions

217 439 401 483 volensque
440 435 479 473 in
519 434 831 474 consuetudinem
857 435 1051 481 abierunt,
1092 435 1196 483 apud
1219 435 1442 484 scriptorem
1463 436 1529 485 qui

218 504 411 540 contracto
437 505 477 541 et
502 501 682 541 adstricto
711 500 858 540 dicendi
876 511 1015 550 genere
1036 503 1180 549 utatur,
1208 498 1468 551 frequentiora.
1484 511 1531 541 ea

217 576 302 605 esse
327 566 429 615 apud
444 566 625 606 Senecam
652 565 748 605 nihil
772 565 986 605 mirandum
1010 568 1080 616 est,
1105 568 1241 614 utpote
1258 566 1319 606 cui
1332 560 1529 615 tanxiuam

218 641 265 670 ex
289 632 401 679 pleno
427 634 543 680 atque
568 631 724 679 perenni
747 630 851 670 fonte
873 641 994 670 novae
1019 641 1170 680 semper
1187 631 1388 671 verborum
1405 631 1530 671 undae

217 694 399 735 adfluant.
451 695 619 735 Tertium
657 698 779 745 'genus
805 706 880 735 non
902 696 1027 735 minus
1040 694 1248 744 frequens,
1289 696 1390 744 quod
1414 697 1530 745 oppo-

217 761 353 799 sitione
393 760 560 808 quadam
585 760 786 799 verborum
811 761 1034 809 insignitur,
1073 762 1124 800 ad
1149 761 1428 801 inlustrandam
1446 761 1528 801 vim

214 825 426 874 particulae
458 836 534 873 que-
549 825 716 863 omnium
743 825 911 863 maxime
936 828 1070 874 aptum
1100 828 1171 864 cst.
1224 826 1403 864 Intimam
1428 825 1530 864 enim

217 890 531 930 consociationem
570 901 639 939 per
679 901 762 930 eam
801 890 881 929 fieri
908 890 995 930 inde
1020 891 1269 941 intellegitur,
1309 889 1418 941 quod·
1434 894 1467 930 σι
1491 890 1532 930 et

217 961 337 1004 atque,
370 965 530 1004 quorum
572 956 711 1004 alioqui
752 957 961 995 communis
1001 967 1122 1006 saepe.
1143 968 1227 996 cum
1252 970 1320 1004 que
1343 967 1435 995 usus
1458 958 1532 1003 est,

217 1020 267 1060 ab
302 1020 373 1060 hoc
407 1024 546 1070 genere
572 1021 694 1070 magis
721 1021 937 1061 abhorrent.
989 1021 1199 1061 Discrimen
1223 1025 1355 1061 tamen·
1371 1019 1531 1070 aliquod

218 1085 537 1124 animadvertitur*
573 1086 671 1124 inter
709 1097 775 1124 eos
809 1086 927 1132 locos,
968 1086 1030 1124 ubi
1069 1097 1137 1135 per
1172 1100 1240 1133 que
1274 1086 1531 1125 diversantes

217 1152 301 1189 arte
337 1150 501 1199 scriptor
527 1150 690 1200 copulat.
740 1150 853 1190 Ratio
879 1150 978 1190 enim
1004 1161 1132 1190 rerum
1157 1151 1256 1190 inter
1277 1149 1530 1199 sefopposita·

218 1223 308 1254 rum·
344 1215 432 1254 talis
472 1222 554 1255 esse
589 1218 733 1264 potest,
774 1219 819 1255 ut
851 1219 920 1255 aut
951 1216 1157 1255 excludant
1180 1204 1339 1255 invicem
1362 1217 1531 1255 autnon

217 1280 422 1321 excludant
446 1291 531 1321 cum
558 1281 658 1321 modi
685 1281 816 1331 potius
841 1280 1010 1332 finesque
1034 1281 1292 1331 designentur,
1313 1281 1418 1330 intra
1434 1286 1531 1329 quos

216 1357 277 1385 res
316 1355 393 1385 una
434 1349 551 1396 atque
586 1346 720 1386 eadem
745 1351 930 1386 versetur.
980 1347 1041 1387 Sic
1065 1353 1148 1386 amnt
1171 1351 1387 1394 nasumque
1409 1350 1531 1386 sidem

216 1412 268 1459 (d.
299 1408 424 1452 b.'v1.
452 1411 547 1462 22),
592 1412 683 1461 quia
724 1423 773 1452 ex
810 1413 884 1452 hisv
908 1412 1055 1452 duobus
1081 1412 1246 1452 motibus
1270 1413 1355 1452 tota
1379 1410 1530 1451 meandi

214 1478 313 1517 ratio
333 1479 580 1527 componitur,
608 1479 662 1518 sic
682 1480 736 1517 eis
755 1490 855 1528 quae
865 1484 1072 1527 continqunt
1087 1483 1318 1526 umidumque
1328 1478 1402 1527 (ep.
1416 1478 1476 1526 66,
1489 1476 1531 1526 6)

215 1542 510 1591 comprobantur
554 1543 727 1582 diversae
768 1542 943 1582 fortunae
971 1543 1089 1589 vices,
1136 1553 1300 1592 quarum
1336 1543 1531 1583 notionum

214 1608 252 1646 in
280 1619 397 1647 unum
422 1607 691 1648 confluentium
717 1610 807 1657 apte
827 1619 896 1658 per
912 1622 977 1656 que
996 1607 1079 1648 fieri
1096 1607 1396 1657 complexionem
1412 1607 1531 1647 mani-

213 1673 355 1713 festum
380 1675 448 1712 oet.
502 1673 603 1712 Bene
626 1684 719 1722 ergo
744 1677 1023 1722 componuntur
1048 1674 1103 1712 ita
1120 1674 1236 1713 etiam
1254 1673 1406 1713 diversa
1423 1672 1529 1728 verbi

214 1741 401 1786 tempora,
425 1738 564 1787 quibus
592 1733 673 1776 rem
699 1739 868 1786 aliquam
893 1749 962 1786 per
975 1738 1155 1787 longioris
1168 1738 1350 1787 temporis
1363 1739 1529 1786 spatium

215 1803 366 1843 extendi
391 1803 593 1842 indicatur.
647 1802 829 1842 Attamen
854 1814 929 1842 non
957 1803 1097 1851 ubique
1123 1812 1306 1852 agnosces
1321 1801 1438 1843 talem
1453 1801 1532 1842 sive

214 1872 430 1918 temporum
470 1868 549 1907 sive
588 1868 787 1907 verborum
827 1869 1112 1916 diversitatem,
1143 1879 1244 1916 quae
1283 1868 1321 1906 in
1345 1866 1531 1907 unitatem

214 1934 354 1974 iterum
396 1938 517 1974 coeat.
583 1933 681 1981 Quid
726 1934 826 1982 quod
864 1933 900 1974 d.
927 1934 962 1974 b.
991 1934 1008 1973 I
1034 1934 1070 1983 9,
1097 1935 1121 1973 2
1159 1934 1255 1983 legis
1292 1937 1415 1973 σοῑαηέ·
1438 1936 1532 1972 m

216 2003 502 2047 detestanturque
537 2003 690 2046 felicem,
730 2003 799 2039 aut
830 2000 945 2049 paulo
971 2002 1060 2049 post
1085 2001 1150 2050 10,
1176 2001 1201 2038 3
1220 2003 1361 2047 ponunt
1384 2002 1532 2038 inviem

214 2067 466 2113 fuyanturque.
517 2064 678 2103 Frustra
716 2064 777 2103 hic
817 2065 972 2104 tertium
995 2075 1176 2114 quaeres,
1217 2064 1317 2113 quod
1343 2064 1383 2103 in
1404 2074 1451 2103 se
1470 2074 1532 2103 re-

216 2129 332 2177 cipiat
361 2132 400 2167 et
424 2130 462 2168 in
488 2141 606 2168 unum
631 2131 791 2170 misceat
817 2130 892 2168 duo
917 2130 985 2169 illa
1009 2129 1135 2169 verba.
1187 2130 1245 2168 Ea
1272 2138 1364 2178 ergo
1388 2128 1531 2169 talibus

216 2194 306 2233 locis
347 2198 404 2234 est
428 2195 483 2234 vis
510 2196 610 2234 vocis
648 2209 732 2243 que,
770 2198 815 2234 ut
840 2195 1063 2234 intentiores
1088 2205 1157 2235 nos
1181 2194 1299 2234 faciat
1324 2194 1363 2234 in
1386 2193 1532 2234 dissen-

216 2260 362 2299 sionem
388 2272 528 2308 rerum,
564 2271 663 2308 quae
688 2264 758 2300 aut
782 2261 914 2301 eodem
941 2264 1113 2309 tempore
1138 2262 1208 2300 aut
1232 2259 1530 2300 cumvicissitu-

215 2324 304 2364 dine
345 2324 510 2372 quadam
544 2325 650 2365 fiunt.
701 2325 775 2365 Sed
813 2329 903 2365 utut
926 2329 987 2365 est
1012 2326 1111 2365 ratio
1138 2325 1341 2369 verborum
1362 2324 1530 2371 itaJoon-

215 2391 449 2438 iunctorum,
488 2391 526 2430 id
552 2395 702 2432 constat
732 2393 928 2442 proprium
953 2394 993 2431 et
1015 2391 1207 2440 peculiare
1231 2391 1303 2431 hoc
1329 2389 1530 2441 copulandi

216 2466 354 2498 munus
381 2466 465 2495 esse
491 2456 703 2503 particulae
727 2470 804 2504 que.
1458 2489 1460 2491 .
1496 2483 1508 2499 ,

344 2524 472 2569 Atque,
498 2520 601 2572 quod
628 2520 797 2563 abundat
822 2522 860 2562 in
884 2518 1152 2573 componendis
1177 2521 1301 2564 verbis
1319 2521 1445 2563 varias
1468 2532 1530 2564 res
