1735 2760
823 123 878 183 ‘35

205 262 241 300 d.
268 263 314 301 cl.
339 263 358 301 I
386 263 420 308 1,
445 263 481 301 9.
522 267 714 311 longissimi
737 267 997 311 brevissimiqwe
1024 268 1101 302 aevi
1130 264 1178 303 di.
1198 263 1254 303 VI
1279 264 1339 312 21,
1365 264 1400 303 3.
1440 263 1512 302 Ra-

198 327 346 367 rissima
371 328 402 367 si
429 339 502 370 non
528 329 639 367 unica
665 319 876 367 coniunctio
905 331 963 367 est
988 339 1086 377 quae
1115 329 1255 378 legitur
1279 330 1323 368 d..
1341 328 1374 368 b.
1401 329 1455 367 IV
1475 330 1510 376 7,

200 394 218 431 1
247 397 370 432 Jovem
397 397 571 440 Optimum
600 408 641 433 ac
667 397 875 432 Maximum.

315 458 410 496 Tum
437 469 585 507 quoque
611 459 754 497 maiore
778 459 815 496 in
843 469 915 497 usu
932 462 991 497 est
1016 473 1058 497 ao
1084 470 1198 507 qnam
1217 474 1292 507 que,
1322 461 1352 498 si
1378 471 1510 509 super-

194 523 333 562 lativus
358 524 596 571 etpositivus
613 524 773 563 duorum
791 522 1066 563 adiectivorum
1093 524 1234 573 gradus
1256 525 1508 575 coniungitur,

197 592 240 625 ut
261 588 305 625 fit
329 599 387 636 ep.
413 589 473 635 92,
503 589 535 627 7.
585 589 644 635 94,
672 590 731 627 35.
772 590 831 635 94,
856 590 916 627 50.
969 589 1051 636 117,
1081 591 1141 628 21.
1186 590 1238 629 di.
1264 591 1302 629 II
1328 592 1362 637 2,
1390 592 1422 629 1.
1462 591 1509 629 di.

196 653 250 691 VI
280 653 338 699 17,
365 654 400 691 3.
458 652 511 691 di.
544 653 616 691 VII
643 654 702 699 10,
729 654 762 692 2.
818 653 853 692 d.
888 654 922 692 b.
951 654 970 692 Ι
998 654 1055 700 14,
1083 655 1114 693 1.
1167 660 1272 701 atque
1305 666 1362 703 ep.
1393 656 1452 702 24,
1475 657 1510 694 6.

196 730 253 766 ep.
280 719 339 765 24,
367 719 426 756 25.
468 730 550 756 cum
577 718 636 757 his
664 717 790 758 confer
815 719 930 758 etiam
956 723 1171 775 serpentnhus
1202 734 1243 759 ao
1268 725 1509 759 noxiosissimo

195 788 319 831 ouiqwe
342 788 490 823 animali
515 784 551 823 d.
577 784 622 823 cl.
650 785 671 823 I
697 785 757 832 26,
784 786 818 823 3.
865 785 988 823 rarius
1006 785 1045 823 in
1064 784 1279 824 huiusmodi
1305 786 1511 825 enuntiatis

197 853 256 888 est
281 864 362 897 que:
390 850 436 888 di.
463 850 507 888 ΙΙι
525 851 561 897 8,
578 852 623 888 ’2.
661 850 708 889 di.
739 851 796 889 IX
823 851 856 898 ’7,
885 852 920 889 5.
948 863 983 889 n.
1009 862 1044 899 q.
1072 850 1133 889 III
1159 852 1218 898 28,
1246 853 1281 890 6.
1321 863 1356 891 n.
1383 863 1419 900 q.
1439 852 1511 891 VII

199 915 256 961 10,
279 915 313 953 3.
352 926 409 963 ep,
436 915 496 962 67,
524 916 558 953 6.
608 915 643 953 d.
672 915 706 954 b.
735 916 766 954 V
799 916 856 962 15,
887 916 921 954 2.
975 916 1048 955 Ubi
1081 927 1170 955 vero
1206 928 1277 954 non
1312 918 1509 965 superlati-

196 992 329 1027 vorum
357 992 426 1028 par
452 981 668 1027 conectitur,
703 981 769 1020 sed
802 981 904 1020 aliud
940 982 1122 1021 orationis
1157 983 1367 1021 membrum
1396 994 1419 1021 a
1444 993 1507 1022 su-

195 1045 383 1092 perlativa
396 1045 570 1084 adiectivi
598 1046 720 1084 forma
746 1046 887 1094 incipit,
915 1046 975 1085 hic
1003 1058 1234 1095 progressus
1264 1059 1338 1095 quo
1365 1047 1508 1086 firmior

193 1113 244 1151 sit
269 1116 468 1151 contextus
495 1113 707 1159 verborum,
734 1112 778 1151 fit
807 1126 873 1160 que
898 1112 1095 1160 particula,
1141 1113 1244 1151 velut
1270 1124 1327 1162 ep.
1366 1114 1424 1163 18,
1461 1114 1508 1152 12

195 1181 332 1226 aliquos
356 1182 431 1217 dies
456 1181 604 1227 destina,
632 1182 758 1225 quibus
780 1181 922 1217 secedas
952 1192 975 1216 a
1002 1182 1072 1216 tuis
1102 1182 1204 1217 rebus
1235 1183 1441 1225 minimoqzae
1475 1185 1507 1217 te

194 1247 309 1290 facias
332 1247 556 1291 familiarem.
609 1242 753 1281 Similia
788 1247 960 1294 sunt-ep.
988 1243 1047 1290 59,
1077 1243 1109 1282 8.
1149 1254 1205 1292 ep.
1238 1244 1319 1290 113,
1347 1244 1407 1289 30,
1458 1244 1508 1281 di.

196 1310 248 1347 IV
287 1310 322 1356 5,
363 1311 398 1347 3.
438 1310 485 1348 di.
515 1309 547 1347 V
574 1310 634 1357 30,
662 1310 696 1347 5.
733 1309 768 1348 d.
797 1309 830 1347 b.
865 1309 916 1347 IV
946 1309 1004 1356 13,
1035 1309 1067 1348 1.
1105 1310 1140 1347 d.
1170 1309 1203 1347 b.
1234 1309 1305 1347 VII
1332 1311 1366 1356 2,
1393 1310 1428 1348 2.
1472 1309 1507 1348 d.

196 1374 230 1413 b.
255 1374 327 1414 VII
355 1375 414 1423 20,
443 1375 478 1412 3.
514 1385 549 1413 n.
576 1385 611 1421 q.
635 1374 674 1412 II
700 1374 734 1421 6,
764 1375 798 1412 2.
836 1385 872 1412 n.
899 1384 933 1421 q.
962 1374 1026 1412 IV.
1053 1376 1086 1420 2,
1115 1375 1172 1412 21.

314 1439 384 1478 His
411 1440 560 1488 adiungi
588 1440 714 1486 placet
738 1449 836 1486 quae
862 1437 1194 1478 de'coniunctione
1219 1439 1379 1478 duorum
1410 1450 1506 1478 com-

196 1504 368 1553 parativo
385 1504 506 1553 gradu
532 1505 741 1552 positorum
757 1504 1029 1543 adiectivorum
1054 1505 1263 1543 observavi.
1317 1505 1370 1543 Ut
1402 1504 1506 1542 illum

196 1566 356 1619 gradum
381 1570 567 1619 particula
592 1585 644 1616 ao,
678 1569 730 1610 sic
765 1568 864 1610 hunc
895 1584 960 1618 que
994 1570 1053 1610 sui
1087 1570 1177 1609 iuris
1203 1569 1301 1609 fecit.
1366 1569 1509 1608 Deinde

198 1637 395 1676 raritatem
423 1651 464 1675 ac
492 1637 703 1685 particulae
729 1636 761 1675 si
781 1636 953 1684 respicis,
987 1636 1075 1674 licet
1100 1647 1146 1675 ea
1171 1637 1303 1675 eodem
1330 1636 1409 1675 fere
1437 1647 1508 1674 nu-

197 1712 300 1740 mero
337 1706 511 1742 occurrat
535 1702 574 1740 in
598 1684 855 1741 huiuscemodi
883 1702 1089 1740 enuntiatis
1117 1712 1191 1749 quo
1215 1706 1258 1747 et,
1283 1703 1411 1740 tamen
1439 1712 1508 1749 pro

195 1768 365 1815 portione
398 1767 692 1814 frequentiorem
732 1779 817 1805 eam
855 1779 939 1822 esse
976 1768 1173 1807 dicendum
1208 1770 1278 1806 est.
1343 1766 1507 1805 Causam

195 1842 282 1871 vero
310 1833 341 1871 si
366 1832 583 1881 quaerimus
612 1843 679 1870 cur
704 1845 769 1880 que
795 1832 920 1880 potius
945 1842 1060 1881 quam
1089 1838 1122 1871 et
1148 1837 1186 1870 et
1212 1845 1255 1870 ac
1280 1831 1349 1870 has
1367 1831 1507 1869 formas

196 1898 383 1945 adnectat,
412 1910 457 1936 ea
484 1909 566 1937 esse
593 1898 754 1945 videtur,
781 1898 881 1945 quod
906 1898 1050 1936 dulcior
1071 1898 1144 1939 hoc
1160 1898 1271 1936 modo
1298 1899 1413 1945 atque
1440 1908 1505 1935 au·

194 1962 298 2001 ribus
324 1962 468 2010 gratior
494 1961 653 2001 efficitur
680 1962 866 2001 conclusio
897 1962 1106 2000 verborum.
1182 1962 1364 2000 Omnibus
1391 1961 1507 2009 igitur

194 2028 422 2075 computatis
448 2027 539 2066 locis
566 2027 775 2076 particulae
800 2041 865 2075 que
891 2028 940 2066 65
967 2027 1082 2066 habes
1107 2026 1291 2076 exempla,
1319 2031 1353 2064 et
1378 2026 1437 2072 27,
1465 2039 1505 2064 ac

194 2093 254 2139 24,
284 2098 388 2139 atque
414 2094 448 2130 2.

312 2156 406 2196 Cum
435 2157 649 2197 discesseris
676 2169 700 2196 a
724 2157 987 2196 beneficiorum
1014 2157 1119 2195 libris
1143 2157 1205 2195 ubi
1236 2156 1419 2205 cuiusque
1445 2167 1504 2194 co·

161 2268 176 2278 a
194 2223 307 2272 pulae
344 2233 524 2262 numerus
563 2222 641 2262 fere
682 2234 752 2272 par
789 2226 860 2270 est,
898 2233 986 2261 nam
1024 2228 1057 2261 et
1082 2224 1116 2268 4,
1143 2236 1207 2270 que
1233 2223 1267 2269 5,
1300 2235 1343 2261 ao
1368 2222 1391 2259 6
1416 2221 1506 2260 locis

195 2290 331 2337 exstat,
356 2288 395 2327 in
430 2288 585 2335 reliquis
618 2287 767 2337 scriptis
799 2287 911 2336 longe
949 2288 1069 2326 maior
1094 2290 1153 2326 est
1185 2288 1290 2335 copia
1317 2287 1505 2335 exemplo-

194 2365 279 2393 rum
306 2368 371 2400 que
395 2353 666 2392 exhibentium.
731 2352 811 2391 Hoc
844 2358 888 2391 ut
918 2364 993 2391 uno
1030 2354 1180 2401 quidem
1205 2353 1379 2401 exemplo
1408 2363 1504 2391 com·

194 2418 407 2467 probemus,
434 2430 629 2457 sumamus
649 2428 749 2466 opus
761 2417 808 2456 de
820 2418 1021 2457 clementia
1034 2418 1229 2467 scriptum,
1260 2419 1358 2466 quod
1374 2428 1507 2465 quam-

196 2495 311 2531 quam
337 2495 421 2521 cum
449 2483 553 2522 libris
585 2484 631 2521 de
658 2482 845 2521 benefieiis
875 2483 1003 2521 eodem
1031 2484 1155 2521 codice
1183 2483 1394 2521 Nazariano
1422 2493 1506 2520 con-
