1735 2760
846 109 896 150 ΒΘ

209 237 294 265 rum
321 227 385 269 ille
411 225 566 267 exhibet
590 231 786 275 multaeque
810 231 935 266 hodie
956 234 1075 276 gentes
1097 234 1189 275 sunt,
1209 229 1344 312 melius
1359 228 1421 269 hie
1435 232 1524 269 mul-

204 298 260 331 tae
295 296 513 341 hodieque
537 308 572 341 q.
598 307 627 331 s.

325 362 589 407 Quandoque
624 370 692 398 sex
729 358 821 398 locis
845 358 901 396 ita
926 360 1152 407 usurpatum
1180 361 1254 407 est,
1281 362 1326 398 ut
1354 360 1404 400 sit
1427 359 1527 402 idem

206 423 306 472 quod
332 427 548 471 aliquando:

286 489 459 532 profunda
478 499 582 531 supra
603 499 664 522 nos
685 487 825 522 altitudo
847 488 1000 531 temporis
1019 488 1134 526 veniet,
1151 499 1263 530 pauca
1276 489 1413 532 inqenia
1426 494 1527 532 eaput

291 544 438 572 exserent
461 544 491 573 et
512 541 550 572 in
571 540 656 572 idem
677 541 913 581 quandoque
934 540 1100 572 silentium
1120 541 1253 574 abitura
1273 542 1429 575 oblivioni
1448 542 1526 575 resi-

289 596 374 626 stent
387 603 438 634 ep.
452 593 543 631 21,5.
589 596 625 625 ut
647 592 879 634 quandoque
901 592 1059 625 moriaris
1073 592 1170 625 etiam
1189 592 1295 626 invito
1302 594 1448 635 positum
1469 596 1526 633 est,

287 649 417 695 uticum
439 645 523 678 voles
545 646 582 678 in
608 649 668 678 tua
688 656 789 678 manu
815 649 863 677 est
884 655 934 686 ep.
962 647 1033 686 117,
1055 647 1106 677 22.
1162 656 1219 678 nee
1246 647 1456 686 committam,
1483 650 1522 679 ut

286 698 394 739 possit
416 697 642 739 quandoque
663 697 823 731 dicer-ed.
846 698 879 730 b.
902 697 934 728 11
950 698 999 739 14,
1017 698 1047 730 5.
1086 707 1127 730 ne
1146 698 1193 730 sit
1214 698 1455 740 quandoque
1475 708 1524 731 ve-

289 752 338 783 lut
349 751 387 783 in
411 760 492 783 novo
513 760 609 792 opere
629 750 715 784 dura
737 750 863 784 molitio
885 760 919 783 n.
934 760 964 791 q.
975 749 1024 782 111
1040 751 1092 791 30,
1109 752 1136 781 1.
1182 750 1291 792 (quos)
1312 751 1413 785 hasta
1430 761 1525 793 prae-

290 805 374 837 toris
388 803 509 844 infami
520 805 610 837 lucro
632 807 661 836 et
684 803 923 844 quandoque
936 807 1164 848 suppuraturo
1179 807 1301 837 exercet
1316 803 1406 836 di.x
1422 804 1473 839 12.
1496 805 1524 837 1.

289 859 351 889 stet
372 856 505 891 licet...
533 866 640 898 supra
660 866 709 888 me
732 856 973 898 quandoque
994 856 1057 889 erit
1079 868 1111 888 n.
1136 867 1167 897 q.
1190 856 1236 888 Vl
1259 856 1291 897 2,
1316 857 1345 889 7.

324 914 404 953 Nee
429 915 552 953 minus
578 924 692 962 saepe
709 913 980 954 coniunctionis
1002 911 1221 963 temporalis
1239 913 1320 953 vice
1337 912 1519 963 fungitur,

206 984 250 1020 ut
289 979 474 1031 significet
503 984 662 1028 quando,
696 983 855 1019 simulac.
907 979 1035 1027 Atque
1069 979 1117 1019 ab
1152 979 1253 1018 omni
1288 978 1526 1019 dubitatione

206 1047 346 1087 absunt
371 1057 468 1095 quae
496 1048 675 1085 secuntur
701 1045 870 1094 exempla
896 1045 994 1084 tria:

293 1112 376 1150 ideo,
400 1111 628 1153 quandoque
653 1111 788 1143 ultimus
821 1110 890 1143 dies
911 1111 1045 1152 venerit,
1066 1120 1135 1143 non
1159 1111 1369 1144 cunctabitur
1395 1110 1529 1153 sapiens

287 1165 337 1198 ire
358 1164 403 1197 ad
423 1166 557 1197 mortem
579 1166 664 1196 certo
685 1163 796 1205 qradu
815 1162 860 1196 di.
883 1163 914 1195 X
937 1164 986 1204 11,
1009 1164 1040 1196 2.
1090 1172 1165 1205 erqo
1195 1163 1434 1204 quandoque
1453 1162 1528 1205 pla·

290 1227 383 1251 cuere
409 1227 461 1252 res
481 1227 585 1251 novae
606 1217 737 1255 mundo,
770 1217 819 1251 sie
839 1217 877 1250 in
898 1226 957 1251 nos
988 1227 1077 1251 mare
1111 1217 1273 1251 emittitur
1308 1216 1455 1265 desuper.
1488 1219 1527 1250 ut

291 1281 322 1303 n.
347 1281 378 1311 q.
401 1270 451 1302 111
472 1272 525 1311 28,
549 1272 578 1303 7.
622 1280 702 1311 quae
722 1281 790 1303 non
805 1274 914 1311 potest
944 1280 1056 1304 amare
1077 1271 1225 1304 sincerus
1252 1271 1383 1303 animus
1404 1280 1445 1304 ae
1465 1280 1525 1304 na-

289 1326 385 1356 turae
407 1332 486 1355 suae
500 1332 617 1355 memor
631 1323 710 1355 levis
722 1322 802 1364 ipse,
825 1332 939 1364 expers
954 1326 984 1355 et
1000 1323 1237 1365 quandoque
1259 1323 1396 1356 missus
1410 1322 1525 1364 fuerit,

292 1375 349 1422 ad·
367 1384 494 1409 suma
528 1376 726 1409 emicaturus
751 1375 796 1407 di.
819 1375 881 1408 ΧΗ
906 1376 961 1415 11,
988 1376 1018 1408 6.
1056 1376 1213 1408 mendum
1240 1376 1329 1417 quod
1355 1376 1390 1408 in
1412 1376 1523 1409 verbis

289 1428 366 1461 levis
385 1429 459 1471 ipse
479 1439 595 1471 expers
617 1428 847 1470 deprenditur,
865 1428 1055 1471 Madvigius
1076 1431 1126 1462 ita
1148 1430 1323 1462 sustulisse
1345 1429 1409 1462 sibi
1430 1428 1522 1462 visus

289 1484 351 1522 est,
389 1483 429 1513 ut
462 1481 626 1514 scriberet
659 1482 767 1514 oneris
801 1481 871 1523 ipse
896 1491 1021 1524 expers.
1074 1482 1181 1523 Magis
1211 1484 1325 1514 tamen
1347 1481 1522 1514 Goerenzii

291 1533 453 1566 iudicium
475 1534 609 1566 adridet
631 1535 776 1575 eorporis
798 1537 876 1575 post
897 1543 1012 1576 expers
1034 1534 1225 1575 inserentis,
1252 1534 1318 1566 nisi
1335 1534 1424 1575 quod
1440 1533 1525 1566 male

293 1589 324 1619 et
347 1589 425 1618 ante
447 1586 643 1628 quandoque
663 1587 772 1619 eiecit.

326 1642 451 1682 Erunt
476 1643 637 1683 fortasse
663 1644 800 1692 quibus
827 1644 1047 1693 scrupulum
1072 1647 1250 1684 moveant
1272 1645 1343 1684 loci
1362 1655 1522 1693 sequen-

204 1713 273 1750 tes.
338 1713 429 1759 Quia
466 1715 519 1749 vis
554 1715 630 1749 eius
664 1715 796 1749 invicta
837 1717 902 1756 est,
948 1714 1208 1759 quandoque
1245 1714 1380 1750 lassata
1413 1714 1526 1757 fuerit

204 1778 367 1822 operibus
403 1778 523 1820 editis,
555 1779 594 1813 in
626 1779 742 1823 iqnem
773 1788 954 1814 recessura
980 1775 1016 1813 d.
1042 1775 1072 1813 1.
1099 1775 1153 1813 IV
1179 1776 1214 1823 8,
1245 1776 1278 1813 1.
1329 1773 1407 1813 Nos
1433 1785 1523 1814 vero

200 1845 333 1879 invicta
366 1842 406 1878 et
435 1854 620 1879 recessura
646 1833 866 1886 ἇσυνδέτως
889 1841 1013 1889 posita
1038 1851 1122 1881 esse
1147 1844 1371 1881 statuemus.
1417 1840 1526 1880 Alter

202 1904 306 1943 locus
331 1907 391 1944 est
415 1903 465 1943 di.
494 1903 569 1943 VII
594 1906 655 1952 20,
681 1905 704 1943 5
732 1904 794 1943 ubi
820 1905 955 1945 seriem
980 1905 1289 1954 admonitionum,
1318 1916 1417 1954 quae
1433 1906 1522 1945 inde

203 1981 227 2009 a
253 1969 275 2020 ξ
302 1970 326 2009 3
352 1970 460 2012 nulla
500 1968 725 2020 interposita
763 1969 953 2020 particula
984 1981 1069 2011 sese
1099 1970 1305 2026 excipiunt,
1342 1970 1526 2011 claudunt

203 2035 319 2074 verba
345 2035 440 2074 haec
466 2039 725 2083 quandoque
751 2041 814 2074 aut
837 2041 971 2075 natura
996 2041 1164 2084 spiritam
1185 2042 1317 2084 repetet
1341 2042 1405 2075 aut
1432 2040 1525 2075 ratio

204 2104 355 2141 dimittet
376 2105 523 2140 testatus
540 2103 639 2140 exibo
665 2104 791 2140 bonam
812 2114 866 2140 me
892 2101 1137 2141 conscientiam
1151 2114 1296 2142 amasse.
1343 2100 1425 2148 Quo
1443 2100 1523 2141 loco

204 2168 236 2205 si
280 2168 364 2214 quis
402 2167 543 2205 iudicet
588 2169 821 2214 postremum
865 2167 1077 2206 membrum
1115 2167 1304 2215 particula
1340 2181 1406 2215 que
1436 2178 1521 2206 cum

203 2230 392 2281 prioribus
419 2230 606 2281 coniungi,
634 2241 706 2281 ego
732 2233 835 2270 certe
861 2241 938 2270 non
964 2230 1236 2280 adstipulabor.

323 2297 375 2336 Et
401 2296 449 2336 ab
477 2297 536 2336 his
562 2299 601 2336 et
628 2296 676 2335 ab
703 2297 780 2336 illis
806 2296 910 2346 prius
937 2296 1113 2336 indicatis
1141 2297 1321 2347 exemplis
1346 2297 1524 2337 differunt

204 2363 279 2403 duo
304 2362 415 2402 haec:

323 2433 591 2477 discendumque
615 2432 705 2468 nihil
726 2434 893 2468 interesse
916 2432 1057 2477 quando
1077 2433 1251 2477 patiaris,
1290 2433 1383 2477 quod
1406 2444 1518 2478 quan-

253 2499 366 2543 doque
386 2499 595 2543 patiendum
620 2500 672 2533 est
698 2505 756 2542 ep.
788 2495 871 2543 101,
902 2495 959 2534 15.
