1735 2760
1474 30 1501 58 Α

844 131 893 168 43

302 251 388 284 clare
410 260 450 283 ac
470 252 583 292 palam
604 251 650 283 di.
671 250 731 283 VH
756 252 805 291 10,
830 252 858 284 L
916 250 1012 283 dubie
1034 260 1071 283 ac
1093 259 1216 291 parum
1243 249 1276 281 d.
1296 249 1327 281 b.
1351 248 1396 281 1v
1420 249 1469 283 16,
1492 248 1523 279 3.

299 307 414 348 ubique
436 316 476 339 ac
494 308 607 340 statim
629 307 662 339 d.
684 307 715 338 b.
740 306 799 338 VII
820 309 851 347 2,
875 308 902 337 1.
947 307 1010 338 cito
1032 316 1069 338 ac
1090 308 1218 346 repente
1239 316 1271 336 n.
1294 315 1324 345 q.
1349 305 1395 336 111
1418 307 1470 345 27,
1493 307 1522 337 2.

331 375 450 414 Paulo
481 376 557 414 iam
595 375 756 425 amplior
787 378 846 414 est
886 385 1066 413 numerus
1099 385 1229 413 eorum
1264 374 1522 422 exemplorum

213 440 410 488 quae'duo
438 440 615 479 adverbia
635 441 689 490 ⁸ab
717 440 909 479 adiectivis
929 440 1100 479 derivata
1126 439 1324 487 exhibent3
1351 450 1450 486 quae
1474 439 1523 478 si-

213 506 297 555 quis
323 506 506 554 inspicere
535 507 646 556 vo1et,
673 506 732 545 his
746 506 913 545 inveniet
938 506 1046 545 locis:
1075 517 1131 554 ep.
1149 506 1208 553 98,
1225 507 1260 544 3.
1288 506 1444 554 ep.119,
1465 505 1523 544 15.

213 582 270 621 ep.
300 572 382 617 120,
411 565 469 610 10.
496 572 531 609 d.
559 572 594 610 b.
622 572 660 610 II
689 572 745 618 14,
787 573 821 610 2.
841 571 875 611 d.
905 572 942 610 b.
976 571 1016 610 H
1050 572 1109 618 32,
1140 573 1172 609 1.
1205 571 1239 610 d.
1274 571 1308 609 b.
1340 571 1374 609 V
1401 572 1461 618 21,
1488 572 1522 609 3.

211 636 246 676 (1.
273 637 308 676 b.
337 636 410 676 VII
438 637 470 684 1,
499 638 533 677 4.
561 637 596 676 d.
625 637 668 676 cl.
697 637 715 676 I
749 638 806 685 13,
840 638 875 677 4.
903 637 938 677 d.
964 638 1012 677 cl.
1044 638 1063 676 I
1090 637 1148 684 26,
1186 638 1221 676 5.
1255 649 1292 676 n.
1318 647 1354 685 q.
1381 636 1435 675 IV
1463 637 1521 683 13,

213 703 248 740 4.
275 714 311 740 n.
338 712 373 749 q.
401 703 455 740 VI
482 703 516 749 7,
542 704 576 740 3.
1032 735 1046 744 ,

337 767 477 807 Verum
503 773 606 817 atque
647 769 686 808 in
711 768 931 809 huiusmodi·
961 768 1142 818 exemplis
1178 766 1256 807 fere
1290 767 1414 806 locum
1448 776 1523 805 non

212 827 326 872 habet
351 845 419 872 nec
444 837 597 882 praeter
622 846 679 883 ep.
709 836 792 880 120,
821 836 867 873 18
893 840 1031 874 honeste
1059 841 1161 882 atque
1186 838 1360 872 industrie
1385 836 1522 871 exstat.

336 898 422 938 Alia
448 902 575 938 autem
604 911 664 939 res
691 903 751 939 est
775 900 814 939 in
841 900 1004 939 eiusdem
1033 900 1138 940 verbi
1167 899 1399 949 repetitione.
1452 901 1523 947 Quo

209 964 350 1015 legitur
374 965 431 1004 bis
456 966 494 1003 in
520 965 680 1005 formula
706 972 777 1006 iam
802 971 938 1014 iamque
962 968 998 1006 d.
1014 967 1048 1006 b.
1069 967 1122 1005 VI
1135 968 1170 1012 3,
1195 967 1217 1004 2
1234 969 1273 1004 et
1287 966 1336 1004 di.
1361 966 1435 1004 VII
1460 965 1521 1010 26,

210 1031 250 1078 3;
277 1033 381 1068 aliter
394 1033 531 1078 aliterq.
559 1041 593 1068 n.
620 1041 656 1078 q.
683 1030 723 1069 II
750 1032 811 1079 32,
839 1031 871 1068 7.
899 1042 934 1068 n.
963 1042 997 1079 q.
1024 1030 1079 1069 IV
1095 1041 1152 1079 pr.
1174 1031 1234 1076 22,
1249 1034 1363 1078 maqis
1376 1033 1521 1077 mayisq.
1542 1059 1552 1070 .

213 1106 250 1133 n.
277 1105 313 1143 q.
340 1095 401 1134 111
428 1096 487 1143 27,
516 1095 568 1144 73'
591 1097 629 1134 in
666 1107 741 1145 qua
773 1097 873 1135 vocis
903 1101 1016 1145 maqis
1050 1096 1302 1146 geminatione
1339 1095 1522 1135 usitatu'm

213 1171 296 1200 esse
321 1175 397 1208 que,
427 1173 554 1200 rarum
573 1177 615 1201 ac
629 1162 844 1211 Draegerus
857 1162 1041 1211 praecipit
1066 1174 1101 1211 p.
1120 1163 1180 1200 36.
1223 1161 1380 1210 Saepius
1394 1165 1523 1200 tamen

210 1226 312 1273 apud
339 1225 519 1265 Senecam
547 1227 699 1274 quidem
726 1227 819 1275 legis
846 1231 957 1275 maqis
984 1241 1026 1265 ac
1048 1231 1160 1275 mayis
1187 1238 1245 1274 ep.
1275 1227 1357 1273 114,
1385 1227 1443 1264 25.
1471 1225 1522 1264 di.
1562 1226 1564 1228 ’

212 1290 245 1329 V
273 1291 309 1338 1,
335 1292 369 1330 4.
398 1290 432 1329 (1.
460 1291 562 1330 b..11
590 1292 646 1337 14,
674 1293 709 1330 4.
736 1303 773 1330 n.
800 1303 835 1339 q.
863 1292 923 1331 III
949 1292 1008 1339 25,
1039 1293 1097 1330 12.
1149 1291 1354 1330 Praeterea
1370 1295 1524 1338 propius

213 1364 254 1393 a‘e
278 1360 427 1402 propius
452 1356 501 1393 di.
526 1356 559 1393 V
585 1357 644 1402 42,
672 1357 706 1394 4.

329 1420 387 1458 Ad
428 1423 660 1468 postremum
697 1427 800 1475 atque
829 1421 970 1470 legitur
1005 1422 1043 1459 in
1075 1420 1245 1460 formulis
1280 1424 1384 1459 aliter
1421 1426 1524 1468 atque

208 1488 315 1524 aliter
345 1496 402 1533 ep.
442 1486 500 1530 27,
528 1486 563 1523 9.
601 1496 657 1533 ep.
692 1487 752 1533 89,
779 1487 814 1524 5.
850 1486 898 1524 di.
925 1486 964 1523 Π
1003 1487 1060 1532 18,
1097 1487 1132 1524 3.
1166 1497 1202 1524 n.
1239 1497 1274 1533 p.
1308 1485 1362 1523 VI
1402 1486 1459 1531 16,
1489 1486 1522 1522 1.

208 1554 320 1589 aliubi
345 1547 448 1599 afflue
473 1555 585 1590 aliubi
615 1563 673 1600 ep.
701 1552 762 1598 35,
788 1552 823 1590 4.
858 1552 894 1591 d.
921 1552 955 1591 b.
984 1552 1044 1591 ΙΠ
1070 1552 1104 1597 6,
1140 1552 1175 1590 2.
1215 1554 1286 1590 alio
1316 1556 1418 1599 atque
1450 1553 1523 1590 alio

136 1654 142 1659 ,
212 1615 261 1655 di.
289 1615 323 1653 X
351 1617 409 1663 11,
437 1617 470 1655 2.
512 1622 616 1655 etiam
642 1623 744 1665 atque
769 1622 874 1656 etiam
900 1617 936 1655 d.
962 1617 997 1656 b.
1024 1618 1084 1656 III
1112 1618 1171 1662 14,
1197 1618 1231 1655 2.

328 1680 517 1720 Claudant
554 1692 689 1730 agmen
729 1681 907 1721 adverbia
947 1682 1157 1721 contrarias
1197 1682 1368 1730 regiones
1400 1681 1522 1729 desig-

207 1740 350 1792 nantia,
392 1746 520 1793 qualia
556 1750 645 1786 sunt
682 1750 764 1785 hinc
801 1753 905 1794 atque
931 1751 1042 1796 illine,
1075 1751 1169 1785 ultro
1194 1752 1347 1793 citroque
1374 1746 1521 1792 similia,

207 1820 305 1857 quae
331 1811 440 1849 modo
459 1811 684 1860 interposita
702 1811 890 1860 palticula
907 1811 1016 1851 modo
1034 1812 1185 1858 omissa,
1213 1812 1322 1851 modo
1339 1823 1407 1859 per
1425 1810 1521 1849 hanc

208 1875 319 1914 modo
358 1887 426 1925 per
465 1876 569 1914 illam
597 1877 824 1924 particulam
852 1878 1028 1925 copulata
1042 1878 1244 1926 Jeguntur.
1299 1876 1521 1915 Accuratius

206 1943 336 1980 tamen
375 1941 404 1979 si
443 1942 526 1989 quis
553 1942 590 1980 in
615 1953 694 1981 rem
721 1942 902 1990 inquirit,
944 1943 1127 1982 rariorem
1150 1943 1269 1981 discet
1296 1953 1378 1982 esse
1403 1942 1519 1981 disso-

208 2006 393 2045 lutionem
432 2016 546 2054 quam
573 2007 860 2055 copulationem.
925 2007 1067 2045 Deinde
1100 2007 1147 2045 ad
1175 2006 1429 2055 componenda
1456 2005 1520 2045 ad-

209 2071 337 2110 verbia
379 2082 402 2108 a
427 2071 711 2120 pronominibus
750 2071 1060 2110 demonstrativis
1098 2075 1154 2109 hic
1188 2074 1227 2109 et
1252 2075 1312 2109 ille
1336 2071 1520 2118 derivata,

206 2142 309 2184 atque
334 2140 374 2176 et
402 2143 434 2175 et
460 2136 601 2176 videbit
626 2135 815 2183 adhibita,
857 2147 901 2175 eo
928 2139 1054 2175 tamen
1080 2137 1315 2185 discrimine,
1350 2140 1394 2176 ut
1419 2143 1522 2185 atque

205 2205 340 2250 regnet
379 2202 417 2239 in
454 2200 616 2239 formula
654 2205 734 2239 hine
771 2207 875 2248 atque
903 2197 1021 2246 illine,
1061 2202 1153 2239 etin
1185 2201 1371 2241 adverbiis
1396 2206 1462 2240 hue
1489 2208 1522 2241 et

204 2270 308 2312 illum
345 2269 478 2305 eontra
517 2280 582 2314 que
620 2265 806 2314 particula.
842 2265 993 2315 propria
1029 2269 1088 2305 est
1119 2267 1400 2314 compositionis
1424 2272 1520 2307 ultro

203 2336 374 2379 citroque,
419 2346 462 2371 ac
487 2332 646 2380 denique
673 2331 784 2370 huius
808 2345 949 2371 sursum
973 2346 1016 2371 ae
1039 2337 1211 2380 deorsum,
1239 2333 1339 2381 quod
1366 2336 1522 2383 propter

205 2400 230 2434 d
255 2396 423 2435 litteram
449 2396 590 2435 factum
621 2396 836 2443 suspiceris.

325 2467 451 2515 Atque
489 2466 547 2508 his
582 2467 628 2506 de
654 2469 737 2505 tota
762 2467 909 2508 ratione
935 2467 1044 2509 dictis
1070 2467 1237 2516 singulos
1262 2479 1517 2517 proponamus

158 2583 161 2589 Ι
203 2532 317 2580 locos,
343 2532 564 2582 incipientes
598 2543 620 2571 a
648 2532 772 2573 verbis
798 2537 880 2572 hine
912 2538 1016 2581 atque
1052 2537 1169 2580 illim,
1209 2545 1309 2583 quae
1340 2535 1411 2574 hoc
1435 2534 1516 2583 ipso
