1735 2760
827 111 878 151 54

191 248 195 253 -
274 228 316 261 cl.
335 228 354 260 -1
374 229 423 268 11,
444 229 474 260 4.
498 239 529 261 n.
552 240 582 270 q.
594 229 625 261 ΙΙ
647 231 699 272 26,
725 232 754 263 1.
799 233 905 264 et-et
924 240 975 272 ep.
1001 232 1072 269 117,
1095 231 1147 263 29.
1171 240 1224 272 ep.
1247 230 1319 271 121,
1346 229 1399 263 23.
1421 230 1453 263 d.
1477 230 1509 263 b.

275 284 324 317 VI
346 286 399 323 26,
425 287 453 316 1.
476 297 508 318 n.
535 297 567 327 q.
591 287 606 318 1
631 288 680 326 14,
703 289 733 320 4.
757 299 789 320 n.
819 299 852 329 q.
880 288 896 320 1
928 290 978 330 16,
1005 289 1035 321 7.
1059 288 1106 329 (n.
1128 298 1161 329 q.
1185 287 1217 319 11
1239 288 1291 329 54,
1313 288 1348 329 2)
1370 298 1404 320 n.
1426 298 1457 329 q.
1477 287 1515 319 11·

274 343 325 384 58,
352 345 379 375 1.
402 354 435 377 n.
458 354 489 385 q.
513 343 562 377 111
585 346 638 384 27,
661 346 690 379 7.
715 357 747 379 n.
774 356 805 388 q.
828 345 890 380 VII
913 347 966 388 20,
990 348 1018 378 1.

309 400 455 447 Quibus
482 402 574 442 locis
600 403 775 443 omnibus
799 404 972 453 singulae
997 404 1168 443 notiones
1191 403 1295 443 inter
1327 414 1368 442 se
1392 413 1510 452 oppo-

187 468 343 515 nuntur,
373 469 457 506 tota
482 468 680 507 enuntiata
705 480 780 508 uno
805 469 887 508 loco
912 469 948 508 d.
976 469 1011 508 b.
1037 468 1095 507 111
1123 468 1183 518 26,
1209 469 1232 506 2
1258 471 1351 516 quod
1375 470 1510 514 factum

188 535 295 569 simul
320 538 353 570 et
376 536 487 571 Maro
490 561 562 571 ......
588 539 732 579 notavit,
758 540 792 573 ct
815 549 939 574 servus
971 539 1058 582 cius,
1084 539 1143 573 cui
1172 538 1399 573 nectebamur
1423 537 1509 571 insi-

191 600 284 646 diae,
311 602 343 637 ei
368 601 464 637 ebrio
489 602 635 638 anulum
661 602 828 638 extraxit.

801 723 907 764 VIII.

310 818 440 857 Pauca
472 818 690 858 adnotanda
729 821 819 859 sunt
857 818 904 858 de
943 829 1016 858 usu
1053 818 1327 867 particularum
1370 833 1436 868 que
1472 821 1513 858 et

189 890 294 932 atque
325 884 619 932 compositarum
658 896 743 924 cum
777 884 1111 924 coniunctionibus.
1170 885 1381 934 occupavit
1412 885 1511 924 enim

192 947 272 988 fere
333 951 454 988 totam
515 948 612 988 hanc
659 949 892 998 provinciam
937 949 1258 989 adnectendamm
1309 950 1514 989 sententia-

191 1026 276 1053 rum
315 1026 339 1052 a
380 1009 702 1054 coniunctionibus
751 1015 1013 1063 incipientium
1050 1015 1240 1063 particula
1273 1021 1316 1054 et.
1344 1028 1347 1030 ·
1384 1017 1512 1065 Atque

191 1094 256 1129 que
277 1079 530 1119 coniunctioni
556 1094 633 1120 cum
660 1079 810 1120 adiecta
834 1083 895 1120 est
918 1090 978 1129 ep.
1007 1078 1066 1128 70,
1093 1081 1139 1119 19
1165 1094 1237 1120 non
1260 1086 1312 1120 est
1340 1085 1435 1130 quod
1458 1085 1512 1121 iu·

190 1150 285 1185 dices
308 1150 372 1185 hoc
394 1149 477 1192 ficri
493 1150 565 1185 nisi
590 1161 614 1185 a
641 1149 771 1186 Catone
787 1160 858 1186 non
879 1160 983 1194 posse
985 1176 1077 1192 ........
1098 1160 1176 1186 cum
1192 1150 1382 1186 vilissimae
1404 1151 1513 1187 sortis

189 1214 341 1248 homines
357 1214 494 1258 ingenti
510 1215 632 1257 inpetu
647 1214 687 1248 in
705 1216 821 1248 tutwm
833 1216 1017 1256 evaserint,
1040 1224 1215 1258 cumque
1231 1215 1406 1250 commodo
1422 1216 1514 1251 mori

190 1289 261 1315 non
287 1278 443 1315 licuisset
467 1288 530 1315 nec
554 1278 603 1314 ad
629 1278 818 1315 arbitrium
842 1289 944 1315 suum
969 1280 1202 1315 instrumenta
1227 1280 1351 1315 mortis
1375 1280 1513 1326 euqcre,

192 1345 294 1380 obvia
310 1354 465 1388 quaeque
479 1346 687 1387 rapuerunt.
726 1339 800 1379 Sed
813 1340 924 1380 nimis
939 1339 1173 1389 ineleganter
1188 1340 1285 1380 hauc
1302 1340 1512 1380 orationem

193 1405 397 1458 procedere
416 1417 527 1447 nemo
541 1405 613 1446 erit
639 1406 731 1455 quin
748 1405 899 1446 sentiat.
940 1405 1060 1447 Recte
1086 1417 1178 1457 ergo
1195 1405 1244 1446 ad
1262 1406 1511 1451 mutationem

193 1472 406 1520 confugisse
434 1471 621 1510 Haasium
657 1472 919 1511 iudicabimus.
970 1472 1106 1511 Nescio
1138 1475 1267 1511 tamen
1301 1484 1352 1511 an
1384 1473 1513 1521 potius

193 1536 232 1576 in
258 1537 380 1576 altero
407 1546 523 1585 quam
551 1536 588 1576 in
614 1536 741 1586 priore
769 1550 847 1576 cum
874 1535 1008 1576 vitium
1033 1535 1154 1577 latere
1178 1538 1367 1586 putemus.
1432 1536 1513 1577 Pri-

194 1614 299 1641 mum
326 1603 425 1641 enim
452 1603 577 1650 ipsum
613 1603 765 1641 unicum
797 1616 941 1649 cumque
975 1602 1160 1650 displicet,
1195 1606 1277 1641 tum
1309 1603 1415 1650 origo
1440 1604 1513 1642 lec-

193 1666 307 1707 tionis
339 1666 477 1707 codicis
510 1678 535 1716 p
566 1680 711 1715 cumque
748 1669 959 1706 incommodo
994 1664 1144 1706 facilius
1190 1666 1453 1717 explicabitur,
1483 1667 1513 1706 si

194 1732 283 1772 olim
313 1737 385 1781 qui
408 1747 497 1773 cum
522 1736 728 1773 commodo
753 1732 936 1781 scriptum
964 1731 1080 1771 fuisse
1106 1731 1312 1782 opinemur.

320 1798 457 1837 Tribus
479 1798 573 1837 locis
600 1798 741 1846 legitur
766 1802 979 1845 quodque,
1007 1797 1074 1836 sed
1099 1797 1154 1836 ita
1179 1801 1224 1836 ut
1245 1797 1513 1846 alterumquod

194 1861 418 1912 praecedat:
446 1866 507 1903 tibi
532 1865 718 1912 indiywwm
742 1865 926 1902 videbatur
950 1865 1044 1911 quod
1045 1891 1126 1902 .......
1144 1865 1269 1911 quodq.
1287 1861 1338 1902 di.
1352 1861 1391 1902 II
1419 1863 1452 1914 1,
1478 1863 1515 1903 3.

185 1923 308 1967 ¹irata-§t
332 1933 426 1976 quod
427 1959 497 1968 ......
513 1934 638 1976 quodq.
663 1929 713 1967 di.
742 1929 803 1967 111
829 1929 890 1975 20,
918 1929 952 1966 8.
977 1932 1082 1967 malis
1107 1942 1170 1967 nos
1194 1932 1342 1975 inplicat
1364 1932 1458 1976 quod
1458 1958 1516 1968 .....

193 1997 317 2042 quodq.
342 1993 390 2032 di.
418 1993 494 2033 VH
522 1993 555 2039 1,
582 1994 617 2031 3.
657 1992 742 2031 Non
755 2001 845 2031 vero
862 1992 1097 2049 repetitionis
1109 1992 1357 2032 excusatione
1373 1992 1515 2032 lenitur

193 2073 357 2107 quoque
380 2071 448 2108 pro
471 2065 504 2099 ct
529 2065 569 2098 ut
595 2073 633 2099 eo
656 2058 803 2098 duobus
827 2057 921 2098 locis
939 2057 1170 2098 adhibitum:
1195 2059 1295 2107 q'uoq,
1312 2062 1424 2107 mayis
1447 2064 1514 2098 mt-

193 2125 530 2181 fflsflsffppfl.)l‚7,flzfl
546 2138 647 2177 quoq.
672 2127 815 2170 facilius
840 2127 1009 2171 obrepant
1034 2123 1083 2162 di.
1108 2123 1164 2162 VI
1189 2124 1248 2171 21,
1277 2124 1299 2162 7
1326 2126 1366 2162 et
1388 2129 1515 2172 utque

196 2187 739 2254 ·.·1‚·fmasatuffif§t‚,immi-&W
766 2187 827 2237 25²
853 2188 888 2226 2·
936 2252 943 2259 ·

313 2254 466 2293 Dictum
492 2255 553 2293 est
580 2254 627 2292 de
658 2266 735 2301 que,
767 2252 1058 2301 progrediamur
1091 2251 1141 2291 ad
1170 2262 1299 2292 vocem
1324 2267 1367 2292 ac
1397 2256 1515 2302 atque

192 2320 205 2358 i
254 2318 417 2385 ipiamffi
434 2318 494 2372 ab,
508 2305 956 2386 exemplovguofldatum
970 2316 1135 2357 Senecae
1148 2315 1196 2355 ab
1209 2316 1351 2357 Haasio
1375 2316 1515 2357 iterum

194 2329 800 2452 {ggefgpqumg'esltffzssusffgarffl
808 2363 1024 2451 effiffibusup
1041 2386 1106 2441 ,im
1131 2382 1392 2423 coniunctione
1416 2384 1515 2422 tem-

195 2449 317 2508 naroli
324 2448 628 2502 remunerem
638 2447 1029 2503 uliiqee.asimpliseffi2
1045 2448 1206 2509 faenum
1232 2451 1339 2487 ma
1352 2464 1355 2467 ·
1370 2447 1530 2497 conspi-·

194 2514 522 2564 amassiae-bem
544 2512 1328 2568 ffi,*mindiulilemasdi-,maviani
1354 2512 1387 2552 V
1402 2512 1463 2562 41,
1488 2514 1512 2552 3
