1735 2760
768 105 889 162 v37

324 245 455 283 contra
481 248 566 283 haec
593 251 633 283 et
658 249 827 284 eiusmodi
853 256 911 294 ep.
939 246 974 291 4,
991 244 1025 283 9.
1052 254 1117 298 ep.⁴
1130 244 1189 290 54,
1208 245 1242 282 6.
1263 238 1326 292 ep.
1348 244 1430 288 114,
1451 244 1511 282 20.

206 311 290 346 haee
315 315 346 347 et
370 312 569 347 huiusmodi
593 321 649 358 ep.
680 310 763 356 120,
791 311 824 348 8.

320 375 375 412 Ac
399 388 436 412 se
463 374 602 422 legitur
636 386 693 422 ep.
733 375 791 421 21,
821 375 855 412 5.
883 385 941 422 ep.
968 375 1028 420 92,
1056 375 1115 411 30.
1146 384 1181 410 n.
1206 383 1241 419 q.
1268 373 1299 411 V
1330 374 1388 416 13,
1414 374 1448 411 3.
1476 385 1511 410 n.

201 450 237 486 q.
263 439 315 477 VI
343 440 375 485 1,
403 440 436 479 5.
475 455 517 479 ao
536 455 649 479 secum
675 452 710 479 n.
739 451 773 488 q.
804 440 854 480 VI
882 441 915 487 7,
944 441 977 479 4.

318 517 361 561 ap
385 508 453 542 sibi
476 515 533 551 ep.
560 506 620 550 81,
648 507 707 543 23.
747 516 805 553 ep.
841 505 900 551 98,
934 505 968 542 8.
1008 504 1042 542 d.
1077 504 1112 543 b.
1142 503 1180 542 II
1210 505 1267 549 14,
1294 505 1328 541 2.
1369 514 1405 541 n.
1432 514 1466 551 q.
1495 504 1511 541 Ι

204 569 261 615 16,
288 569 323 606 3.
363 580 398 606 n.
426 579 460 615 q.
488 569 544 607 111
570 581 627 617 pr.
655 571 689 607 3.

319 647 361 672 ac
390 638 446 671 sni
468 645 525 682 ep.
553 635 612 681 90,
640 635 701 672 40.

321 713 362 738 ao
388 704 421 738 te
446 689 504 748 ep'.
535 700 592 747 13,
620 700 656 738 6.

318 778 361 803 ac
386 768 451 802 tibi
500 776 534 803 n.
562 775 597 812 q.
629 765 687 802 III
712 776 767 812 pr.
798 766 855 803 17.

318 834 368 867 tot
392 843 435 868 ao
458 834 541 868 talis
567 830 643 869 lud.
674 831 730 877 10,
758 831 793 868 3.
821 841 878 879 ep.
911 830 994 876 108,
1013 831 1073 877 38,
1101 830 1163 878 qui
1196 830 1383 878 posterior
1407 829 1514 867 locus

201 894 335 933 mendo
360 895 524 933 nondum
555 895 704 933 videtur
730 898 918 944 purgatus
944 884 1037 934 esse.
1099 894 1195 933 Sunt
1222 895 1371 942 quidem
1398 894 1514 933 verba

201 963 246 998 ut
277 960 458 1007 leguntur
483 960 520 997 in
548 960 674 998 codice
701 960 729 998 B
744 961 855 998 haec:
884 964 977 997 dixit
1007 964 1071 998 illa
1096 964 1234 1005 Platon,
1269 964 1358 997 dixit
1384 962 1513 1003 Zenon,

201 1013 294 1063 divit
321 1027 544 1072 Chrysippus
570 1031 602 1063 et
625 1029 837 1064 Posidonius
872 1032 904 1064 et
928 1030 1051 1073 inqens
1076 1039 1198 1072 aymen
1223 1039 1293 1063 non
1317 1030 1367 1063 tot
1392 1038 1434 1063 ac
1460 1029 1512 1062 ta·

203 1093 299 1127 lium.
326 1093 494 1136 quomodo
518 1094 672 1136 probare
689 1096 829 1138 possint
852 1105 918 1129 sna
940 1104 1013 1129 esse
1025 1095 1242 1129 monstrabo:
1266 1093 1404 1136 faciant
1428 1102 1515 1137 quae

202 1158 369 1202 dixerint,
408 1164 507 1202 quae
547 1158 590 1193 ut
628 1166 721 1194 sana
760 1155 972 1194 efficeretur
1009 1155 1196 1193 sententia
1235 1155 1290 1193 ita
1329 1155 1511 1194 mutanda

201 1219 309 1258 duxit
334 1220 500 1259 Haasius
526 1225 618 1259 dimit
638 1243 679 1248 —-
701 1225 927 1260 Posidonius:
966 1227 1003 1260 at
1027 1226 1149 1268 inqens
1173 1235 1295 1269 aymen
1329 1221 1427 1269 [non]
1462 1226 1513 1259 tot

199 1299 243 1323 ac
268 1289 391 1324 talium
418 1296 499 1333 sqq.
551 1284 629 1325 Nec
655 1290 781 1325 tamen
809 1290 898 1334 apte
916 1286 1085 1325 homines
1112 1287 1165 1324 illi
1193 1285 1361 1324 animosa
1387 1286 1513 1335 philo-

199 1348 403 1397 sophorum
429 1350 530 1389 dicta
556 1351 739 1389 iactantes
777 1352 965 1400 simulque
992 1351 1179 1391 sordidam
1213 1351 1331 1389 vitam
1356 1354 1512 1399 agentes

200 1421 249 1453 tot
275 1429 322 1454 ac
349 1420 457 1454 tales
483 1419 675 1463 vocantur,
704 1427 802 1464 quae
828 1417 943 1455 verba
974 1417 1022 1455 ad
1054 1416 1204 1455 laudem
1230 1428 1380 1466 semper
1406 1427 1510 1465 spec-

199 1483 293 1518 tant.
346 1479 557 1529 Madvigius
584 1484 711 1519 autem
739 1482 855 1520 verba
881 1489 913 1520 et
944 1486 1067 1529 inqens
1098 1495 1222 1529 aymen
1253 1487 1301 1519 tot
1328 1481 1405 1520 sive
1442 1495 1513 1519 non

199 1549 247 1582 tot
273 1558 315 1583 ac
341 1548 465 1582 talium
490 1555 670 1592 perversa
687 1556 769 1583 esse
794 1550 913 1594 ratus,
941 1546 1030 1592 quia
1048 1535 1231 1592 qnattuor
1248 1544 1417 1583 homines
1435 1556 1510 1582 non

199 1613 303 1649 recte
329 1621 465 1659 agmen
492 1610 678 1657 dicantur,
703 1610 756 1650 sic
782 1611 932 1659 scripsit
958 1616 989 1649 et
1011 1616 1133 1659 in-yens
1151 1624 1275 1659 aymen
1302 1624 1372 1648 non
1403 1615 1512 1649 totum

199 1678 322 1712 talium
338 1676 420 1722 (sed
433 1676 549 1713 etiam
565 1676 717 1714 minoris
733 1676 990 1723 praestantiae
998 1682 1036 1714 et
1050 1676 1286 1713 auctoritatis
1300 1675 1512 1724 hominum)

197 1738 345 1778 futilem
370 1740 407 1778 ni
433 1738 543 1777 fallor
568 1742 607 1779 et
635 1739 805 1778 inutilem
834 1739 904 1779 hoc
929 1739 1079 1788 quidem
1102 1739 1183 1778 loco
1201 1737 1510 1788 philosophorum

199 1805 478 1852 discriptionem
503 1806 716 1844 instituens.
781 1805 920 1843 Contra
948 1808 1130 1852 quattuor
1155 1805 1368 1843 nominibus
1398 1805 1512 1845 editis

197 1872 408 1910 ceterorum
435 1870 599 1909 virorum
627 1880 700 1909 non
720 1870 843 1909 minus
869 1869 1050 1909 nobilium
1076 1880 1275 1908 numerum
1300 1869 1371 1907 illis
1388 1869 1510 1908 verbis

197 1937 335 1974 adiecit
361 1936 510 1982 Seneca,
537 1947 635 1983 quae
669 1939 772 1975 recte
798 1948 881 1975 sese
915 1937 1118 1981 habebunt,
1156 1937 1187 1975 si
1212 1948 1281 1984 pro
1306 1950 1376 1974 non
1402 1935 1510 1974 resti-

199 1999 318 2040 tueris
344 2004 534 2045 nominum,
561 2000 661 2048 quod
680 2011 748 2048 per
774 2000 994 2049 compendia
1020 2001 1203 2048 scriptum
1221 2001 1402 2048 originem
1430 2000 1512 2038 voci

158 2079 160 2085 ·
199 2080 269 2103 non
294 2066 441 2104 dedisse
468 2066 628 2104 videtur.

317 2133 370 2169 Ao
409 2134 606 2179 praeterea
642 2131 743 2169 haud
771 2143 857 2170 raro
895 2143 917 2170 a
945 2131 1087 2170 Seneca
1126 2131 1336 2169 adhibitum
1376 2135 1434 2169 est
1461 2131 1510 2169 ad

197 2197 494 2245 componendum
522 2208 626 2244 pron.
642 2208 744 2245 poss.
764 2197 879 2236 subst.
907 2209 991 2235 cum
1008 2197 1176 2236 eiusdem
1195 2208 1378 2245 personae
1404 2208 1510 2246 pron.

197 2272 294 2310 poss.
323 2261 469 2310 adiect.,
497 2272 573 2309 qua
598 2262 677 2299 vice
697 2262 794 2300 alias
822 2262 927 2309 fungi
953 2263 1051 2300 solet
1077 2276 1142 2309 que
1182 2261 1243 2306 (cf.
1276 2262 1513 2310 Draegerum

197 2338 232 2375 p.
260 2329 335 2375 36).
388 2327 460 2366 Sed
487 2331 531 2365 ut
555 2328 708 2375 plenum
734 2327 875 2366 habeas
895 2327 1060 2366 locorum
1087 2331 1342 2378 conspectum,
1370 2327 1513 2376 legitur

197 2407 234 2431 se
261 2399 293 2432 ot
317 2406 385 2431 sua
414 2404 451 2431 n.
478 2404 513 2441 q.
543 2392 580 2431 II
608 2393 667 2441 45,
698 2394 732 2430 3.

196 2471 234 2495 so
270 2471 368 2504 snaq.
410 2468 466 2505 ep.
507 2458 566 2505 23,
606 2458 639 2494 8.
676 2467 732 2505 ep.
773 2457 832 2504 74,
869 2459 927 2496 20.
970 2457 1005 2495 d.
1045 2457 1078 2496 b.
1107 2458 1231 2504 1126,
1259 2459 1292 2496 1.
1333 2458 1369 2497 (1.
1411 2459 1455 2498 cl.
1491 2458 1509 2496 I
