1735 2760
851 111 899 150 13

225 230 363 277 necto
387 238 539 277 ponem.
586 228 724 278 Itaque
747 228 910 278 primum
935 229 1086 268 tantum
1110 230 1218 267 etex
1242 230 1357 279 parte
1378 228 1535 274 tertium

226 294 347 342 genus
371 293 529 343 paululo
553 293 709 334 uberius
733 295 899 333 tractare
925 293 964 332 in
989 293 1117 334 animo
1143 295 1214 333 est.
1262 347 1265 349 μ

350 358 454 400 Idem
489 359 528 399 in
566 359 817 400 substantivis
848 357 948 407 quod
975 359 1012 398 in
1037 358 1160 398 verbis
1185 359 1385 400 discrimen
1410 358 1535 398 obser-

222 428 345 473 vatur,
374 430 419 466 ut
443 426 492 465 ad
519 426 806 466 describendum
832 428 956 465 totum
982 426 1036 464 rei
1054 425 1211 467 alicuius
1228 425 1411 470 ambitum
1425 425 1535 473 quasi

222 491 374 532 termini
422 495 614 541 ponantur
652 494 722 531 aut
764 502 855 532 vera
892 490 962 530 fiat
997 491 1198 534 verborum
1235 491 1431 541 oppositio.
1488 490 1533 529 In

221 556 347 606 priore
378 558 529 606 quidem
556 568 711 597 numero
737 557 953 606 complures
978 560 1069 596 sunt
1092 556 1395 606 compositiones,
1435 567 1533 605 quae

221 622 314 671 quia
350 621 433 662 fere
456 621 602 672 figurae
626 623 702 662 vim
728 623 955 670 induerunt,
992 632 1112 672 acque
1138 622 1238 670 apud
1264 632 1395 661 omnes
1418 621 1532 670 scrip-

221 690 324 727 tores
361 690 573 728 occurrunt.
626 688 750 728 Huius
776 687 937 737 ,generis
976 688 1078 737 apud
1118 687 1298 728 Senecam
1332 688 1530 738 leguntur:

222 755 262 791 di
296 756 433 802 aaa,
472 758 571 792 terra
603 757 730 801 mariq.
743 781 754 801 ,
795 752 912 793 semel
949 753 1014 799 (di.
1038 751 1073 791 X
1099 753 1134 800 4,
1160 753 1201 801 5)
1229 752 1359 792 ordine
1384 753 1532 792 inverso

219 821 313 856 mari
335 823 466 865 tmaq,
517 816 591 857 Sed
629 828 706 857 non
746 820 895 857 tantum
929 818 967 856 in
992 818 1086 857 trita
1111 818 1182 857 hac
1209 816 1374 857 formula
1399 828 1530 864 verum

220 881 335 921 etiam
360 882 444 922 aliis
470 883 562 923 locis
588 883 651 922 ubi
679 884 775 923 haec
799 884 914 923 verba
939 886 1227 932 componuntur,
1251 884 1476 932 plerumque
1492 884 1530 923 in

220 958 294 987 usu
327 952 388 987 est
424 948 557 988 eadem
591 949 737 997 copula.
788 948 848 988 Sic
879 949 973 997 legis
1007 954 1184 988 terrarum
1208 953 1354 997 marisq.
1379 954 1530 996 pacator

221 1013 257 1052 d.
283 1013 317 1052 b.
344 1013 363 1052 I
390 1014 448 1064 13,
477 1015 511 1053 3.
553 1019 593 1054 in
616 1020 753 1053 vastum
777 1020 956 1054 terranem
977 1018 1122 1061 Μανίῳ.
1142 1019 1368 1061 prospectum
1392 1025 1450 1064 ep.
1469 1014 1529 1062 89,

222 1079 282 1117 21.
334 1083 478 1118 luxuria
516 1085 694 1118 terramm
729 1084 874 1127 mari-sq.
911 1083 1087 1118 vastatrix
1126 1090 1183 1128 ep.
1223 1079 1290 1127 95,
1327 1079 1385 1117 19.
1437 1083 1531 1127 quod

219 1148 338 1183 maria
360 1149 508 1191 terrasq.
531 1146 769 1190 complectitur
794 1142 843 1181 di.
860 1142 950 1181 VIII
975 1143 1011 1196 4,
1039 1143 1073 1181 2.
1126 1142 1268 1182 Contra
1284 1156 1327 1181 ac
1342 1142 1531 1191 particula

222 1208 393 1249 adhibita
418 1212 477 1247 est
502 1219 559 1256 ep.
591 1209 675 1258 104,
693 1208 749 1246 19
772 1221 839 1255 per
862 1213 978 1246 terras
995 1222 1038 1247 ac
1053 1212 1169 1247 maria
1183 1221 1310 1255 vaqum
1328 1211 1368 1246 et
1383 1207 1431 1246 di.
1448 1207 1530 1255 VII,

224 1275 282 1321 11,
308 1275 335 1313 4
360 1280 538 1313 imaum·
568 1288 610 1313 aa
644 1279 754 1313 mam-s
781 1277 871 1313 bona
905 1262 1017 1312 et‘di.
1047 1272 1138 1311 vm
1162 1274 1199 1321 4,
1224 1274 1247 1310 2
1274 1271 1336 1312 ubi
1361 1273 1531 1318 variandi

219 1349 336 1379 causa
367 1342 460 1378 mari
486 1352 527 1378 ac
551 1342 658 1377 terris
681 1342 817 1377 inserta
840 1338 1021 1386 scriptum
1048 1348 1133 1377 esse
1157 1338 1317 1377 videtur.
1393 1342 1466 1376 vita
1491 1341 1531 1377 et

217 1418 289 1444 nex
325 1405 534 1453 iunguntur
568 1416 635 1454 per
675 1419 741 1453 que
777 1403 837 1444 his
872 1403 965 1444 locis
988 1408 1081 1445 vitae
1103 1408 1231 1452 necisq.
1254 1409 1410 1452 potestas
1431 1404 1467 1443 d.
1494 1403 1530 1444 b.

217 1469 274 1508 ΙΙΙ
304 1471 372 1518 23,
405 1471 441 1508 3.
472 1470 522 1509 di.
556 1470 612 1508 111
640 1471 703 1517 19,
741 1471 777 1509 8.
827 1484 859 1508 v.
885 1484 920 1509 n.
946 1474 1080 1508 arbiter
1105 1469 1141 1508 d.
1167 1469 1212 1508 cl.
1238 1470 1257 1507 I
1290 1471 1322 1516 1,
1349 1471 1384 1508 2.
1434 1484 1467 1508 v.
1492 1484 1527 1508 n.

217 1539 406 1575 urbanum
431 1546 489 1584 ep.
515 1537 551 1583 4,
578 1537 613 1575 8.
652 1541 743 1575 vitae
765 1540 922 1583 mortisq.
947 1539 1079 1574 arbiter
1103 1534 1154 1574 di.
1167 1534 1224 1573 XI
1245 1535 1304 1584 16,
1331 1535 1367 1573 2.
1412 1533 1527 1573 Prae-

217 1598 334 1639 terea
361 1605 604 1649 opponuntur
639 1605 711 1639 vita
750 1604 790 1639 et
823 1614 920 1639 mors
951 1611 1019 1649 per
1045 1614 1111 1647 que
1136 1611 1195 1652 ep.
1225 1600 1284 1646 71,
1315 1600 1372 1638 14.
1398 1599 1447 1638 di.
1479 1599 1529 1637 VI

219 1664 277 1714 10,
303 1665 344 1715 6;
370 1675 439 1713 per
463 1679 505 1704 ac
530 1665 567 1704 d.
593 1664 629 1720 b.
655 1665 689 1704 V
716 1666 751 1712 6,
781 1666 817 1703 3.
842 1676 878 1704 ιι.
905 1676 941 1714 q.
969 1664 1026 1704 ΙΙΙ
1053 1665 1111 1711 18,
1141 1665 1174 1703 1.

339 1730 519 1770 Pluribus
545 1730 665 1770 modis
691 1733 815 1770 totum
840 1730 915 1769 diei
939 1730 1133 1779 noctisque
1160 1730 1325 1779 spatium
1352 1729 1525 1778 exprimi-

217 1795 300 1843 tur,
333 1804 492 1843 quorum
518 1795 789 1834 usitatissimus
815 1798 875 1835 est
899 1794 960 1833 hic
979 1808 1049 1841 per
1074 1798 1166 1833 diem
1189 1800 1353 1841 noctem.
1385 1794 1435 1833 di.
1456 1794 1528 1833 VII

217 1859 259 1907 5,
295 1860 332 1899 4.
358 1859 408 1898 di.
432 1858 485 1897 IX
511 1860 569 1907 17,
605 1861 638 1898 6.
664 1871 701 1898 ιι.
727 1870 763 1908 q.
789 1859 827 1898 11
851 1861 892 1907 5,
925 1860 960 1899 2.
987 1870 1024 1898 n.
1051 1859 1236 1907 q.1111‚
1266 1860 1299 1898 1.
1326 1871 1364 1898 ιι.
1391 1870 1427 1907 q.
1456 1859 1527 1898 VII

217 1924 252 1968 8,
280 1925 314 1963 2.
367 1928 488 1963 dicbus
519 1929 711 1972 noctibusq.
750 1924 784 1963 d.
825 1924 860 1963 b.
889 1924 960 1963 VH
991 1925 1056 1969 14,
1092 1925 1125 1962 6.
1178 1928 1254 1963 dies
1290 1930 1437 1972 ηοαεερ.
1476 1925 1525 1963 di.

217 1989 290 2028 VII
318 1989 351 2037 1,
378 1989 414 2035 2,
450 2003 516 2036 por
541 1993 616 2028 dies
639 1994 788 2036 noctesq,
814 1999 871 2037 ep.
898 1988 959 2037 59,
988 1989 1046 2027 14.
1061 1999 1108 2032 ¹n.
1122 1998 1158 2036 q.
1173 1988 1231 2026 III
1258 1988 1318 2035 10,
1348 1989 1382 2027 2.
1429 1987 1526 2028 Con-

215 2054 335 2093 traria
362 2056 452 2092 sunt
469 2067 539 2101 per
564 2057 657 2093 diem
680 2067 724 2092 ac
746 2058 879 2093 noctem
903 2064 940 2091 n.
967 2063 1004 2100 q.
1031 2053 1090 2091 III
1119 2053 1178 2099 25,
1206 2052 1241 2090 8.
1267 2064 1303 2091 u.
1331 2052 1435 2101 q.VI
1464 2054 1525 2101 16,

216 2118 253 2157 3.
300 2121 393 2158 diem
427 2123 462 2158 ct
489 2123 624 2158 noctem
652 2117 728 2157 lud.
755 2117 788 2165 7,
816 2117 850 2156 5.
896 2120 1055 2157 noctibus
1089 2131 1130 2156 ac
1161 2120 1284 2156 diebus
1317 2127 1375 2166 ep.
1403 2118 1462 2165 15,
1490 2118 1525 2156 5.

215 2186 338 2222 diebus
370 2197 413 2223 ac
449 2188 606 2223 noctibus
641 2183 690 2222 di.
725 2183 782 2222 XI
817 2184 884 2231 12,
919 2184 954 2222 4.
987 2182 1022 2222 d.
1048 2183 1084 2222 b.
1111 2182 1165 2221 IV
1192 2184 1233 2230 3,
1271 2184 1306 2221 2.
1358 2182 1525 2222 Eaedem

215 2257 329 2296 porro
354 2258 480 2296 voces,
520 2248 585 2288 sed
614 2258 688 2287 non
715 2247 980 2287 adverbialiter
1005 2245 1250 2296 proferuntur
1274 2261 1339 2295 que
1362 2247 1525 2297 interpo-

215 2312 289 2352 sito
318 2324 356 2352 n.
390 2325 426 2363 q.
451 2314 496 2352 V.
524 2314 589 2360 15,
623 2314 668 2361 33
687 2313 757 2360 ι111.
784 2313 838 2351 VI
863 2313 927 2361 18,
958 2314 981 2351 2
1013 2316 1086 2352 diei
1116 2313 1260 2361 noctisq.
1289 2318 1426 2361 spatia,
1459 2313 1525 2352 ubi

123 2422 128 2429 ,
195 2377 411 2419 -Gertzium
447 2378 495 2418 ab
522 2363 727 2423 Annaea&
762 2378 909 2418 dicendi
945 2389 1019 2417 usu
1057 2377 1334 2427 discrepantem
1363 2376 1524 2418 formam

215 2448 275 2483 dio
297 2446 399 2485 recte
425 2446 594 2484 mutasse
617 2426 753 2484 iudicio.

337 2507 526 2555 Quattuor
539 2512 765 2557 temporum
784 2508 921 2557 quibus
938 2510 1042 2547 totus
1060 2508 1148 2547 anni
1165 2519 1298 2549 cursus
1315 2507 1521 2556 conficitur,
