1735 2760
879 98 904 137 2

237 217 331 266 lere,
370 220 414 257 ut
447 217 561 266 longo
588 217 712 266 spatio
740 217 943 257 antecedat
969 217 1136 265 reliquas
1160 215 1381 265 particulas,
1419 227 1486 263 que
1509 214 1549 252 et
1600 206 1603 209 ⁴
1652 222 1663 230 “

234 288 337 330 atque
362 285 437 329 (ac)
463 281 542 321 fere
576 292 699 330 aequa
726 292 809 322 esse
835 282 980 321 numeri
1006 281 1166 321 doceant
1190 281 1247 320 hi:
1287 286 1320 320 et
1345 280 1457 328 3500,
1480 292 1547 328 que

235 349 320 393 550,
350 362 392 386 ac
417 348 503 394 350,
530 352 633 393 atque
658 348 742 384 100.
795 346 903 392 Quod
927 347 1024 385 idem
1054 347 1251 386 dicendum
1279 346 1352 385 erit
1374 345 1422 384 de
1439 344 1545 384 libris

234 410 514 458 beneficiorum,
555 410 690 459 quibus
729 422 777 450 ex
814 411 998 451 dissoluto
1039 413 1079 449 et
1115 410 1260 450 conciso
1297 409 1373 449 stili
1410 418 1546 457 genere

234 477 403 516 maxima
435 488 520 516 cum
551 476 723 523 epistulis
753 476 959 515 similitudo
985 480 1053 516 est.
1105 475 1150 515 In
1181 475 1341 525 dialogis
1367 484 1457 515 vero
1482 487 1548 522 que

235 553 318 581 curn
345 540 424 580 fere
451 545 638 590 exaequet
662 552 772 581 usum
798 548 832 580 et
855 542 1077 590 particulae,
1104 542 1216 591 longe
1237 545 1366 580 tamen
1391 542 1547 590 superat

234 619 319 647 cum
346 622 390 646 aa
414 610 496 645 tum
521 618 607 647 eam
633 607 808 654 formam,
834 619 911 656 qua
937 607 1048 647 nimis
1069 606 1209 647 Seneca
1228 606 1413 646 abstinuit
1429 611 1545 654 atquo.

232 672 294 711 Ita
332 672 369 710 in
406 671 557 721 dialogo
595 672 658 721 qui
705 674 764 711 est
799 672 845 710 de
882 672 1160 720 tranquillitate
1199 672 1334 714 animi,
1374 676 1407 710 et
1445 670 1545 710 circa

233 739 307 776 300
332 738 422 776 locis
457 739 666 785 invenitur,
708 752 774 786 que
801 739 890 787 110,
929 752 972 777 ac
1000 738 1064 784 14,
1105 743 1210 786 atque
1234 738 1270 776 5.
1323 734 1544 783 Quintiliani

232 812 344 851 porro
387 813 498 840 usum
537 803 680 850 partim
718 813 802 840 cum
833 803 1039 841 Annaeano
1075 801 1372 842 consentientem
1384 800 1545 863 partim

232 866 516 906 dissentientem
545 850 747 907 ostendant
772 867 919 906 numeri
945 867 1007 916 qui
1035 857 1294 926 adparuerunt
1318 865 1413 907 mihi
1437 875 1546 906 excu-

234 932 344 972 tienti
370 932 487 972 libros
512 931 547 970 X
573 935 612 972 et
635 932 704 971 XI:
741 939 774 972 et
801 933 909 981 1000,
950 947 1017 981 que
1042 933 1127 981 250,
1153 947 1197 973 ac
1220 923 1303 980 110,
1321 938 1471 995 atque
1461 926 1545 994 100,

239 1007 338 1045 quae
378 997 651 1046 particularum
691 1010 757 1045 que
794 1001 834 1037 et
859 1013 902 1038 ac
928 999 1066 1047 (atque)
1091 998 1341 1059 aequabilitas
1367 985 1545 1049 exiguum

235 1061 406 1111 quidem,
446 1073 521 1101 non
559 1065 687 1102 tamen
729 1064 1045 1103 contemnendum
1075 1063 1197 1112 limati
1224 1057 1340 1112 amne
1364 1056 1548 1124 elaborati

231 1129 417 1167 sermonis
442 1128 711 1168 documentum
738 1130 819 1169 iure
844 1128 1057 1168 habebitur.

349 1191 591 1232 Salebrosum
618 1193 854 1243 ingredietur
879 1194 953 1233 iter
980 1193 1011 1233 is
1032 1193 1098 1241 qui
1122 1192 1213 1232 data
1238 1203 1355 1243 opera
1376 1192 1543 1250 inquiret

230 1257 270 1295 in
295 1268 408 1296 usum
434 1257 569 1297 harum
596 1257 881 1306 particularum,
908 1258 1055 1297 minuta
1081 1257 1180 1297 enim
1207 1256 1380 1317 quaestio
1404 1260 1465 1313 est
1486 1260 1544 1317 at·

230 1332 305 1370 que
331 1323 495 1372 spinosa,
523 1333 621 1372 quae
648 1333 723 1370 quo
749 1323 892 1362 maiore
918 1322 1105 1362 industria
1122 1323 1337 1373 suscipitur,
1363 1332 1408 1362 eo
1419 1314 1543 1382 magis

228 1386 434 1426 verendum
461 1391 531 1435 est,
556 1399 604 1427 ne
631 1386 777 1427 frustra
803 1388 839 1426 in
866 1386 939 1426 fine
957 1387 1062 1427 nobis
1079 1387 1253 1426 videatur
1271 1391 1310 1437 et
1326 1388 1406 1427 sine
1423 1378 1544 1429 solido

228 1449 356 1490 fructu
397 1454 644 1501 pertractata.
704 1452 846 1490 Tamen
885 1451 945 1489 his
968 1451 1164 1500 particulis
1190 1442 1378 1499 quomodo
1403 1452 1543 1508 singuli

226 1516 430 1566 scriptores
470 1516 531 1555 usi
563 1516 651 1563 sint,
676 1516 897 1566 priusquam
928 1519 1106 1556 accurate
1131 1516 1416 1571 investigatum
1427 1519 1543 1577 atque

227 1582 465 1631 propositum
501 1581 568 1629 sit,
609 1592 683 1620 non
708 1582 837 1641 potest
862 1581 1008 1631 sperari
1034 1573 1202 1639 perfecta
1227 1573 1379 1631 linguae
1400 1581 1543 1624 latinae

225 1646 402 1694 historia,
442 1646 502 1685 cui
541 1646 597 1685 rei
628 1647 660 1686 si
687 1646 778 1695 quid
806 1646 1024 1687 examinato
1048 1645 1213 1686 Senecae
1242 1658 1315 1686 usu
1340 1646 1544 1687 contulisse

224 1711 476 1751 iudicabimur
501 1711 676 1760 quamvis
701 1710 891 1760 pusillum,
918 1711 1012 1751 satis
1038 1711 1178 1751 erimus
1204 1712 1383 1756 contenti.

349 1776 405 1815 Eo
445 1775 576 1815 ordine
613 1776 794 1825 procedet
819 1777 911 1815 haec
944 1776 1169 1824 disputatio,
1206 1780 1249 1816 ut
1273 1777 1407 1826 paucis
1432 1788 1542 1828 prae-
1599 1787 1610 1796 “

225 1841 352 1881 missis
377 1841 426 1879 de
457 1843 597 1880 natura
623 1841 857 1890 litterarum,
893 1841 1030 1889 quibus
1052 1844 1309 1890 anteponatur
1332 1855 1384 1888 ac,
1410 1852 1542 1889 secun-

224 1905 316 1944 dum
354 1905 557 1944 verborum
595 1916 736 1955 genera
774 1908 897 1946 totam
935 1905 1135 1945 materiam
1171 1906 1402 1955 digeramus.
1467 1906 1541 1950 Hic

224 1970 412 2019 quaedam
440 1972 699 2020 exemplorum
727 1982 868 2020 genera
894 1981 939 2011 eo
966 1971 1122 2012 consilio
1143 1962 1473 2031 perlustrabimusf,
1495 1974 1542 2016 ,ut

223 2036 440 2077 interiorem
493 2047 570 2085 qua
621 2036 738 2076 verba
791 2036 1034 2083 concilientur
1085 2037 1272 2079 rationem
1314 2024 1542 2095 aperiamus.

224 2100 426 2141 Ordiemur
452 2112 543 2151 ergo
572 2113 596 2141 a
613 2101 746 2150 verbis,
769 2105 976 2151 sequentur
1001 2102 1155 2142 nomina
1180 2093 1431 2162 subsuntiva,
1454 2106 1537 2143 tum

226 2165 422 2214 adiectiva‚
455 2166 592 2207 deinde
616 2168 852 2217 pronomina,
878 2168 1192 2219 praepositiones,
1217 2167 1410 2215 adverbia,
1434 2151 1540 2207 deni·
1552 2163 1555 2165 ’

225 2242 299 2280 que
336 2232 624 2273 coniunctiones.
677 2232 800 2280 Quam
826 2233 890 2273 ubi
916 2234 1190 2282 absolverimus
1214 2238 1379 2292 partem,
1412 2243 1541 2292 pauca

225 2296 300 2335 alia
326 2296 537 2337 adicientur
561 2298 746 2346 imprimis
773 2299 820 2339 de
838 2300 986 2340 ratione
1003 2300 1203 2372 copulandi
1220 2300 1285 2349 ubi
1301 2299 1540 2357 desideretur

223 2361 426 2402 disiunctio
465 2363 587 2413 deque
627 2375 698 2404 usu
736 2378 803 2414 que
840 2365 1052 2414 particulae
1088 2366 1126 2405 in
1165 2365 1333 2405 eiusdem
1371 2350 1537 2408 notionis

223 2427 460 2476 repetitione
