1735 2760
841 169 890 208 22

292 290 378 322 tiom·
398 299 439 323 ac
460 289 571 330 rm
589 289 624 321 d.
647 289 679 321 b.
702 288 748 321 1v
766 289 820 329 21,
845 289 876 320 5.
927 291 1047 331 pom·
1068 297 1109 320 ac
1126 278 1334 329 puteacum
1360 285 1392 318 ιι.
1421 285 1454 318 b.
1477 283 1521 317 v1

293 348 347 388 28,
368 348 398 378 2.
458 356 499 380 ex
523 355 626 379 cauea
646 355 686 379 ac
705 346 898 379 messium
918 346 951 379 d.
973 345 1127 383 01.111,
1148 345 1179 377 4.
1233 344 1299 377 diei
1318 343 1464 386 spatam
1483 352 1523 376 ac

291 404 462 446 longitudo
484 414 516 436 n.
539 414 570 445 q.
593 403 623 436 V
647 405 697 444 11,
718 404 749 435 2.

333 471 478 511 Eadem
503 482 602 519 quae
624 471 663 510 in
690 471 748 510 his
765 471 948 519 exemplis
973 470 1072 509 ratio
1091 469 1242 510 videtur
1265 469 1382 508 etiam
1398 468 1523 508 inesse

207 539 290 577 loco
319 536 354 576 d.
381 536 416 576 b.
442 536 497 575 VI
522 537 583 584 35,
609 537 643 584 5,
671 546 784 584 quem
819 538 948 575 tamen
973 534 1109 583 mendo
1144 545 1283 575 vacare
1312 544 1387 572 non
1418 537 1522 584 puto.

206 601 463 650 Reprehendit
489 600 631 640 Seneca
658 602 729 642 hoc
760 601 886 650 capite
915 611 979 641 eos
1005 600 1070 649 qui
1103 603 1148 639 ut
1174 599 1382 640 officiorum
1407 609 1523 638 onere

207 678 248 707 se
283 666 455 713 liberent,
495 666 587 705 mali
626 665 767 715 aliquid
794 668 932 715 optant
967 666 1033 705 eis⁴
1057 665 1195 713 quibus
1232 664 1387 713 obligati
1419 666 1521 704 sunt.

207 736 320 772 Nemo
343 732 467 779 inquit
496 736 540 771 de
569 737 785 771 immutate
818 735 929 771 anim·
954 736 1007 771 tui
1039 735 1226 778 dubitaret,
1263 734 1297 770 si
1322 735 1445 778 aparte
1467 733 1524 770 illi

202 802 461 845 paupertatem,
495 800 528 835 si
552 801 802 844 captivitatem,
834 800 867 836 sn·
895 799 1025 842 famem
1049 809 1092 835 ac
1117 801 1243 835 mam·
1267 799 1522 843 imprecamur.

210 862 351 902 Metam
383 862 416 901 si
450 865 630 910 quartum
663 864 793 901 votum
828 872 910 901 esse
935 864 1057 910 putes,
1091 860 1313 910 languidum
1340 862 1410 911 est,
1438 870 1523 900 cum

211 927 449 966 desideretur
475 937 537 966 res
562 937 609 966 ea
635 927 744 966 cuius
763 930 888 965 metus
916 927 956 965 in
982 929 1069 965 voto
1095 926 1157 965 sit.
1208 925 1261 965 At
1277 925 1311 964 si
1328 924 1524 974 coniungis

209 1002 294 1031 cum
320 1002 411 1031 voce
436 995 577 1040 samm,
607 991 678 1031 hoc
715 1001 864 1040 quoque
889 989 1074 1039 displicet,
1101 1001 1187 1029 cum
1212 1001 1333 1039 aeque
1355 990 1407 1030 ad
1431 1004 1523 1038 pau-
1545 1020 1551 1025 .

205 1062 377 1104 pertatem
400 1059 440 1095 et
453 1061 690 1104 captivitatem
706 1056 810 1095 trahi
826 1048 1012 1095 debuerit.
1039 1054 1098 1094 Ne
1120 1056 1245 1104 ipsum
1262 1055 1412 1104 quidem
1437 1065 1521 1096 ver-

208 1120 297 1159 bum
322 1125 450 1159 metum
473 1121 608 1168 aptum
627 1119 760 1167 iudico,
787 1131 873 1159 cum
900 1130 975 1160 non
1001 1121 1054 1160 sit
1079 1131 1170 1160 vera
1196 1122 1374 1168 certaque
1398 1130 1525 1159 neces-

213 1186 327 1232 sitas,
364 1184 431 1224 sed
470 1185 704 1233 exspectatio
742 1188 904 1225 tantum.
981 1186 1089 1233 Quod
1128 1186 1330 1226 Pincianus
1369 1185 1527 1225 coniecit

210 1255 356 1289 mortem
382 1252 450 1289 aut
479 1249 668 1289 Gruterus
694 1255 809 1294 letum.
838 1262 922 1290 eam
939 1252 986 1291 ob
1013 1262 1167 1292 causam
1191 1262 1266 1290 non
1291 1251 1410 1300 probo
1436 1251 1526 1299 quia

210 1315 326 1354 talem
352 1315 617 1354 necessitatem
643 1318 748 1364 optat
785 1316 927 1356 amicus
953 1331 1058 1366 quam
1088 1319 1265 1356 adiutorio
1300 1330 1364 1356 suo
1384 1320 1523 1365 fidoque

210 1385 379 1421 discutiat
407 1380 448 1430 (ἓ
467 1382 519 1430 2).
560 1380 600 1420 Si
623 1386 781 1421 morbum
801 1382 1006 1433 scripseris,
1032 1382 1154 1422 omnis
1179 1382 1337 1434 tolletur
1359 1380 1526 1422 offensio.

326 1455 461 1503 Quarti
489 1459 532 1495 ut
558 1457 709 1497 videtur
729 1458 878 1506 generis
903 1458 1120 1508 exemplum
1143 1469 1243 1498 nunc
1267 1460 1522 1498 tractaturum

206 1521 378 1561 incidisse
405 1532 466 1560 me
491 1521 531 1561 in
549 1521 772 1561 oblivionem
789 1522 966 1571 promissi
993 1523 1067 1563 mei
1094 1535 1142 1564 ne
1158 1523 1301 1570 credas,
1330 1535 1403 1562 non
1421 1522 1522 1563 enim

206 1586 336 1624 multis
362 1587 545 1626 molestus
570 1598 647 1627 ero.
699 1587 781 1627 Hoc
807 1591 936 1627 tamen
960 1599 1045 1628 cum
1073 1600 1096 1627 a
1121 1591 1259 1637 quarto
1294 1588 1333 1628 in
1358 1590 1523 1629 alterum

206 1650 512 1691 transferendum
539 1653 751 1702 aestimem,
777 1653 941 1693 libenter
968 1654 1111 1694 audias.
1163 1654 1351 1703 Loqmtur
1383 1653 1525 1694 Seneca

206 1729 241 1756 n.
268 1729 305 1767 q.
332 1718 372 1757 II
398 1717 458 1766 49,
487 1718 507 1756 1
538 1716 585 1756 de
615 1718 829 1772 nominibus
855 1718 991 1767 quibus
1021 1718 1174 1758 diversa
1209 1718 1369 1758 fulmina
1401 1718 1522 1768 desig-

205 1783 353 1823 naverit
367 1783 563 1822 Gaecinna.
594 1782 691 1822 Sunt
710 1782 748 1822 in
766 1782 824 1822 his
834 1786 1019 1832 pestifera,
1046 1797 1140 1831 quae
1152 1788 1298 1823 mortem
1315 1787 1524 1832 exiliumque

204 1851 430 1895 portendunt.
482 1848 598 1886 Recte
618 1847 684 1886 illa
709 1847 869 1887 fulmina
883 1846 1064 1897 pestifera
1092 1849 1230 1895 vocari,
1255 1848 1345 1897 quia
1362 1851 1523 1887 mortem

205 1915 444 1961 augurentur
461 1919 570 1952 nemo
591 1913 757 1962 negabit,
778 1914 868 1961 quia
885 1912 1054 1962 exiiium,
1077 1911 1152 1953 non
1170 1913 1272 1954 item.
1322 1913 1419 1953 Tum
1437 1917 1525 1964 post

205 1978 338 2017 mortis
355 1978 578 2016 memoriam
603 1978 737 2018 fortior
760 1989 833 2017 vox
853 1981 1105 2028 exspectatur.
1164 1975 1274 2026 Qu'od
1299 1974 1524 2025 vocabulum

211 2042 339 2082 sensui
366 2043 490 2092 magis
516 2044 752 2083 commodum
770 2044 822 2084 sit
847 2054 962 2092 quam
989 2047 1133 2084 exitium
1157 2044 1292 2084 nescio.
1342 2040 1524 2084 conferas

212 2107 325 2146 velim
351 2107 401 2146 di.
424 2107 485 2146 III
513 2108 548 2155 2,
577 2108 596 2146 1
629 2107 694 2146 ubi
719 2107 855 2147 merito
873 2108 931 2146 ira
946 2107 1174 2156 gravissima
1193 2108 1350 2147 humani
1375 2107 1525 2158 generis

208 2173 326 2222 pestis
360 2173 588 2221 nominatur,
622 2173 711 2222 quia
741 2174 842 2213 inter
871 2171 1028 2224 effectus
1059 2175 1214 2223 praeter
1245 2170 1323 2213 alia
1354 2176 1522 2213 totarum

207 2239 379 2288 gentium
407 2239 525 2279 exitia
550 2239 637 2278 sint.

328 2304 454 2344 Verba
479 2309 534 2344 vis
564 2306 605 2345 et
628 2309 783 2353 potestas
820 2315 938 2353 supra
968 2315 1036 2354 per
1059 2318 1101 2345 ac
1128 2306 1335 2355 composita
1361 2306 1523 2346 vidimus

204 2370 318 2417 idque
342 2373 498 2418 propter
510 2369 738 2418 gravitatem
753 2370 954 2409 verborum
981 2369 1124 2410 factum
1149 2380 1233 2411 esse
1258 2371 1391 2421 sentio,
1416 2371 1518 2420 quod

190 2437 250 2473 ·ut
271 2435 539 2483 comprobetur
575 2435 651 2474 alia
685 2445 940 2485 proponamus
973 2435 1157 2487 exempla,
1192 2436 1231 2474 in
1263 2435 1401 2486 quibus
1421 2437 1520 2477 idem

207 2500 363 2539 verbum
388 2504 442 2539 vis
466 2500 569 2538 aliud
598 2500 731 2549 similis
756 2511 889 2541 sensus
914 2501 1137 2550 praecurrit.
1179 2502 1329 2552 Inspice
1363 2513 1455 2552 ergo
1488 2508 1524 2543 vi

206 2581 248 2606 ac
272 2571 365 2606 metu
389 2565 423 2606 d.
458 2565 493 2605 b.
520 2565 540 2605 I
564 2566 601 2614 9,
629 2565 663 2605 5.
714 2570 768 2607 vis
801 2580 843 2607 ac
867 2566 1097 2607 senemaud.
1133 2566 1168 2607 b.
1203 2566 1255 2608 VI
1287 2567 1347 2616 24,
1375 2568 1411 2607 2.
1461 2571 1517 2608 vis
