1735 2760
822 121 870 159 25

193 240 305 279 nimis
333 240 526 288 langueat,
553 251 576 277 a
599 250 687 278 vero
723 243 849 278 tamen
878 238 979 278 haud
1011 238 1140 288 procul
1174 248 1259 277 eam
1289 236 1418 276 abesse
1443 236 1502 275 iu-

192 305 286 353 dico,
311 310 351 344 in
377 310 471 344 omni
493 319 619 354 yenere
645 319 765 344 eorum
788 304 969 344 Senecam
995 304 1188 352 scripsisse
1214 304 1400 353 opinatus,
1469 305 1472 307 “

312 369 527 418 Sequantur
560 370 731 409 notiones
765 370 897 409 eodem
936 370 996 408 vel
1022 368 1131 408 simili
1156 379 1269 408 sensu
1297 367 1501 417 praeditae.

195 434 254 475 Ex
279 435 409 473 ordine
434 446 566 474 earum
594 435 919 483 compositionum,
956 434 993 472 in
1021 434 1159 482 quibus
1185 445 1257 474 usu
1285 437 1324 473 et
1348 443 1500 472 consue-

192 498 325 539 tudine
350 500 510 538 invaluit
534 514 608 547 que,
633 502 722 538 sunt
745 503 905 545 faustum
920 502 1042 546 felixq.
1068 510 1125 547 ep.
1151 500 1210 544 71,
1237 499 1272 538 5.
1314 502 1403 545 felix
1428 502 1503 544 for-

193 570 371 613 tumtusq.
396 564 446 604 di.
474 564 508 604 V
535 565 594 612 37,
622 566 657 603 3.
701 568 923 611 fortunatum
947 568 1118 611 beatumq.
1145 575 1203 613 ep.
1230 564 1290 613 45,
1320 564 1376 602 10.
1428 562 1502 601 Sed

191 628 342 679 longius
368 632 453 668 erat
477 633 602 668 cetera
630 629 803 678 exempla
829 629 957 668 omnia
981 639 1193 679 congerere,
1219 629 1340 668 satius
1365 629 1503 667 iterum

195 693 346 733 videtur
370 694 596 743 pauca-eligi
622 705 720 742 quae
744 694 835 747 quia
860 694 1050 733 sollemnis
1067 694 1105 732 in
1129 695 1182 733 eis
1205 708 1270 742 que
1288 697 1358 741 est,
1386 693 1504 743 probe

194 758 295 798 huno
319 758 530 807 particulae
548 770 660 799 usum
686 759 900 799 inlustrent.
951 758 1093 798 Similia
1119 770 1210 808 ergo
1228 759 1326 798 inter
1351 769 1393 798 se
1411 762 1503 798 sunt

192 823 378 863 adiectiva
403 824 513 863 haec:
549 823 748 872 placidum,
782 824 1041 872 tranquillum,
1067 825 1162 871 lene,
1188 824 1372 873 quietum,
1399 824 1502 870 mite,

195 889 454 936 compositum,
487 889 697 936 remissurn,
730 892 919 937 pacatum,
952 889 1122 936 tacitum,
1155 889 1279 928 silens.
1343 888 1426 927 Hac
1457 899 1504 928 ex

192 952 293 993 serie
319 952 381 992 ubi
408 953 481 992 duo
499 953 788 1003 coniunguntur,
813 965 883 1002 per
905 968 970 1001 que
986 954 1025 992 id
1049 953 1132 993 fieri
1150 954 1258 993 solet.
1311 953 1372 993 Sic
1385 953 1503 993 habes

304 1023 489 1067 placidum
512 1023 775 1068 tranquillima.
811 1020 848 1058 d.
884 1020 930 1059 cl.
957 1021 976 1059 1
1002 1020 1037 1064 5,
1065 1021 1099 1058 5.
1126 1020 1160 1058 d.
1186 1019 1233 1058 cl.
1260 1020 1279 1057 I
1308 1020 1366 1066 13,
1397 1020 1440 1066 13
1466 1022 1505 1056 et

248 1085 396 1123 inverso
437 1084 566 1123 ordine
609 1089 842 1132 tranquillum
871 1089 1084 1133 placidumq.
1133 1096 1167 1123 n.
1207 1096 1242 1133 q.
1276 1085 1337 1123 III
1373 1085 1432 1131 26,
1466 1085 1503 1123 8.

246 1159 304 1197 ep.
334 1150 394 1195 32,
421 1150 456 1187 4.
506 1153 738 1197 tranquillum
766 1154 953 1196 quietumq.
986 1148 1035 1187 di.
1068 1148 1142 1188 XII
1171 1150 1228 1196 18,
1257 1151 1292 1188 2.
1351 1154 1504 1196 quietum

241 1217 458 1262 placidumq.
484 1213 533 1253 di.
560 1215 579 1253 I
605 1216 639 1262 2,
667 1215 702 1253 2.
732 1213 782 1252 di.
807 1214 865 1253 III
902 1215 934 1262 1,
963 1215 995 1253 1.
1046 1218 1129 1253 mite
1148 1217 1364 1261 placidum.
1395 1213 1445 1252 di.
1470 1213 1503 1251 V

244 1281 281 1328 9,
307 1282 343 1320 3.
395 1294 545 1328 aequm»
570 1284 787 1328 placiqu,
818 1280 867 1320 di.
898 1281 938 1320 II
965 1282 999 1328 8,
1026 1282 1062 1320 3.
1125 1286 1200 1320 lene
1217 1284 1432 1328 pladdumq.
1466 1280 1503 1319 d.

244 1345 280 1384 b.
310 1345 348 1383 11
379 1346 437 1391 13,
464 1347 498 1384 2.
537 1349 892 1393 cacum-queam.
922 1356 980 1393 ep.
1005 1346 1066 1390 99,
1094 1347 1151 1384 16.
1188 1349 1296 1384 sam
1315 1350 1503 1392 queam.

244 1409 295 1450 di.
316 1410 374 1449 III
402 1411 462 1458 19,
486 1411 520 1448 2.
556 1415 716 1458 ‚quactum
738 1416 939 1458 pacatumq.
966 1410 1014 1449 di.
1039 1410 1073 1449 V
1098 1411 1158 1458 43,
1188 1412 1222 1449 2.
1246 1415 1399 1458 quietum
1415 1424 1504 1449 com-

238 1480 427 1523 positumq,
454 1486 512 1523 ep.
543 1476 625 1522 100,
653 1476 689 1515 8.
741 1480 816 1514 lene
840 1481 1058 1523 remis-sm.
1086 1476 1136 1515 di.
1162 1476 1214 1515 VI
1236 1477 1296 1524 18,
1321 1477 1356 1515 2.

194 1538 285 1579 item
307 1551 460 1587 purum,
483 1540 682 1590 liquidum,
708 1541 895 1580 sincerum

204 1638 208 1640 .
238 1596 591 1653 poirumliquidumq.
614 1616 649 1647 R.
677 1615 712 1652 q.
740 1606 793 1646 VI
818 1606 879 1652 27,
905 1607 939 1644 2.
967 1617 1003 1644 n.
1030 1615 1065 1653 q.
1086 1606 1158 1644 VII
1188 1606 1245 1653 17,
1272 1608 1306 1645 3.
1330 1611 1504 1646 sincerum

238 1682 405 1716 pur-amq.
431 1680 467 1707 n.
495 1681 529 1717 q.
555 1670 595 1708 Π
620 1671 680 1719 26,
706 1671 741 1708 9.
794 1674 1198 1718 Quidum-sincerum.
1225 1671 1260 1709 d.
1278 1671 1324 1709 cl.
1347 1671 1386 1709 ΙΙ
1411 1672 1447 1718 6,
1470 1672 1503 1708 1.

193 1732 382 1775 incolume
407 1736 448 1773 et
479 1733 616 1773 similia

243 1802 419 1846 ὑπερ-ωηο
449 1804 650 1848 incolumeq.
682 1801 731 1839 di.
763 1801 802 1840 11
828 1802 862 1848 6,
897 1802 932 1839 5.
990 1805 1127 1854 εαζυαοη
1158 1805 1359 1848 incolumeq·
1394 1800 1443 1839 di.
1470 1801 1503 1839 V

245 1864 306 1912 23,
330 1864 365 1903 3.
416 1868 585 1903 incolum
608 1869 811 1913 intactum.
837 1864 885 1904 di.
921 1866 982 1905 ΙΙΙ
1009 1867 1044 1913 8,
1072 1866 1106 1905 7.
1173 1869 1347 1914 inteyrum
1376 1869 1502 1905 inliba-

243 1933 350 1976 tmnq.
377 1928 427 1967 di.
454 1930 494 1968 II
519 1931 557 1976 6,
584 1931 618 1969 7.

116 2036 121 2047 .
196 1993 358 2033 solidum
382 1997 422 2033 et
447 1994 585 2034 similia

246 2063 372 2098 bonum
396 2064 580 2108 solidumq.
607 2072 666 2109 ep.
697 2062 758 2109 56,
787 2062 845 2099 11.
883 2065 1063 2100 robustum
1079 2065 1264 2108 solidumq.
1292 2071 1351 2108 ep.
1379 2060 1438 2108 72,
1465 2060 1501 2099 5.

241 2128 386 2172 firmum
408 2129 592 2174 solidum.
624 2137 682 2175 ep.
712 2126 772 2174 95,
808 2127 865 2165 15.
900 2126 956 2175 (ac
986 2126 1022 2165 d.
1054 2126 1089 2164 b.
1119 2125 1192 2164 VII
1224 2126 1285 2173 26,
1312 2125 1365 2173 3).
1414 2128 1506 2171 forte

246 2192 432 2239 solidumq.
466 2191 514 2230 di.
547 2191 600 2231 IV
634 2192 691 2237 15,
725 2192 758 2230 1.
808 2195 959 2231 solidum
989 2195 1117 2239 forteq.
1151 2202 1187 2229 n.
1225 2202 1260 2240 q.
1282 2191 1368 2237 ,VII
1406 2191 1441 2237 9,
1469 2193 1504 2230 4.

243 2260 465 2305 par-idem.
493 2268 551 2306 ep.
580 2257 639 2304 20,
666 2258 700 2295 2.
728 2268 785 2307 ep.
806 2258 887 2304 102,
914 2258 972 2296 12.
1024 2271 1116 2297 unus
1140 2261 1267 2305 idemq·
1293 2257 1342 2296 di.
1362 2256 1418 2296 XI
1447 2257 1504 2303 14,

244 2321 281 2361 5.
307 2321 357 2360 di.
384 2320 423 2360 Π
450 2323 484 2369 6,
509 2323 544 2361 3.

313 2386 358 2426 In
383 2387 444 2428 his
468 2386 561 2427 locis
587 2388 719 2427 eadem
752 2387 885 2427 subest
916 2387 1020 2426 notio
1045 2387 1199 2435 utrique
1231 2386 1345 2426 verbo
1370 2397 1439 2425 nec
1464 2386 1505 2425 in

194 2453 516 2503 divorsaspartes
524 2452 739 2500 discedunt,
764 2452 832 2492 sed
848 2462 924 2502 quo
941 2452 1092 2501 planior
1115 2451 1224 2491 fieret
1249 2455 1290 2491 et
1313 2452 1506 2491 inlustrior

150 2550 153 2552 .
196 2518 384 2559 sententia
407 2518 613 2567 scriptoris,
652 2518 848 2566 complura
871 2516 1057 2557 vocabula
1082 2518 1254 2558 adhibuit
1279 2522 1432 2568 sumpta
1456 2528 1505 2556 ex
