1735 2760
821 119 870 158 60

188 239 296 285 ditis,
338 239 375 277 in
413 238 550 288 quibus
594 237 771 286 frequens
813 237 914 287 apud
954 236 1133 277 Senecam
1180 237 1273 277 haec
1317 235 1506 287 copulatio

185 306 256 351 est,
300 315 390 343 rara
429 315 497 353 per
537 318 590 349 ac,
631 303 735 343 nulla
773 313 840 353 per
877 309 999 351 (παυς
1038 313 1126 341 nam
1165 303 1200 342 d.
1238 302 1275 342 b.
1312 303 1366 342 IV
1396 303 1455 351 12,
1480 303 1505 341 3

184 369 250 417 qui
287 367 492 407 Nazariani
536 368 733 407 lectionem
765 374 868 416 atque
903 367 1133 414 defenderet,
1175 378 1285 407 nemo
1330 368 1507 407 inventus

184 436 255 473 est.
332 433 419 473 Sine
471 433 583 473 dubio
637 437 878 473 Tusculanum
937 439 1019 471 aut
1063 436 1288 472 Tiburtinum
1343 431 1507 473 scriben-

185 499 275 537 dum
301 502 370 538 est.
424 499 562 539 Cetera
587 510 677 538 vero
695 498 746 537 ibi
772 499 933 537 multam
957 501 1111 537 movent
1136 485 1427 546 1111111111110116111,Ι
1459 499 1507 537 de

182 564 319 613 quibus
347 565 438 612 quid
465 564 674 604 iudicemus
703 576 788 603 cum
822 565 1090 614 disputationis
1122 576 1235 605 cursu
1260 565 1297 603 in
1322 565 1423 604 hunc
1448 565 1502 604 10-

183 640 267 668 611111
295 629 411 668 delati
437 629 566 675 simus,
588 629 702 667 liceat
719 628 900 677 proferre.
953 630 1073 669 Docet
1090 630 1209 679 igitur
1225 629 1367 668 Seneca
1392 629 1502 668 bene·

182 693 267 732 ficia
293 694 420 732 danda
446 704 531 733 esse
544 697 689 732 remoto
716 693 892 732 utilitatis
906 697 1091 743 respectu,
1119 695 1209 742 quin
1236 694 1351 732 etiam
1364 693 1504 732 damna

182 770 226 797 ac
251 758 419 807 pericula
447 759 654 806 subeunda,
683 762 726 798 ut
753 759 932 799 beneficia
958 760 1049 799 dare
1075 760 1272 808 possimus.
1322 758 1419 797 Tum
1446 760 1529 809 ita*

181 824 424 874 progreditur
447 828 558 865 Nemo
588 828 825 865 Tusculanum
857 831 918 864 aut
953 829 1178 864 Tiburtinum
1213 830 1413 873 paraturus
1446 838 1504 864 sa-

181 894 361 930 lubritatis
386 905 494 930 causa
517 897 550 930 et
574 896 699 930 aestivi
722 905 887 937 secessus,
914 897 1018 939 quoto
1044 905 1136 930 anno
1152 897 1334 939 empturus
1358 895 1406 930 ait
1431 893 1504 930 dis-

175 961 301 1002 putan
327 970 405 994 cwm
431 960 498 994 erit
519 960 684 994 tuendum
718 962 780 994 est.
846 956 904 995 De
942 956 1066 996 verbis
1104 962 1206 1003 quoto
1246 970 1338 995 anno
1375 966 1504 994 veram

182 1021 411 1060 sententiam
435 1021 639 1070 protulisse
667 1021 816 1061 videtur
834 1021 1021 1063 Gertzius.
1083 1020 1285 1061 Postrema
1311 1031 1401 1060 vero
1427 1035 1504 1060 cum

180 1091 248 1124 erit
276 1090 442 1125 tuendum
468 1092 520 1125 est
545 1087 651 1124 nihili
677 1097 761 1125 esse
785 1087 945 1135 quisque
973 1087 1085 1125 videt.
1138 1087 1218 1125 Nec
1244 1087 1370 1125 minus
1411 1096 1453 1123 re
1478 1097 1502 1123 a

180 1152 314 1191 abesse
353 1151 546 1200 volgatam
584 1152 780 1191 lectionem
832 1166 910 1191 cum
940 1156 1079 1200 emerit,
1112 1156 1279 1191 tuendum
1316 1157 1366 1190 est
1403 1150 1502 1190 idem

181 1217 359 1256 Gertzius
385 1221 488 1256 recte
515 1217 705 1263 iudicavit,
734 1217 799 1256 sed
829 1228 944 1265 quam
967 1218 1047 1265 ipse
1076 1218 1221 1256 incerta
1246 1219 1290 1256 ut
1316 1216 1406 1255 dicit
1429 1216 1501 1254 ha-

181 1283 382 1322 riolatione
423 1283 600 1332 proponit
639 1283 941 1322 emendationem
974 1288 1033 1322 cm·
1069 1288 1189 1331 meret,
1224 1286 1265 1321 id
1294 1286 1501 1321 intuendum

180 1354 231 1387 est
263 1348 414 1387 minime
452 1348 580 1396 placet
618 1359 686 1387 nec
717 1347 1034 1396 quemadmodum
1073 1359 1119 1387 ea
1155 1347 1411 1398 intellegenda
1449 1347 1499 1386 sit

178 1413 249 1451 nisi
277 1414 342 1460 qui
369 1413 489 1460 ipsius
515 1412 867 1461 interpretationem
894 1413 1032 1460 legerit
1064 1412 1258 1451 divinabit.
1332 1413 1419 1451 Lux
1443 1411 1503 1451 his

178 1476 351 1534 adfulget
376 1489 425 1517 ex
449 1478 648 1526 prioribus.
714 1478 767 1517 Ut
791 1478 890 1517 enim
929 1478 966 1516 in
1005 1477 1139 1517 dandis
1178 1477 1371 1517 beneflciis
1411 1477 1502 1528 quid

179 1543 342 1582 reddant
366 1554 550 1591 quaerere
574 1555 649 1582 11011
668 1544 860 1590 debemus,
888 1544 940 1582 sic
960 1544 1025 1591 qui
1044 1544 1243 1592 praedium
1264 1542 1503 1583 salubritatis
1541 1550 1549 1553 '

182 1612 221 1647 et
243 1619 415 1648 recessus
441 1620 557 1648 causa
584 1609 676 1647 emit
707 1608 871 1648 reditum
899 1608 1043 1656 praedii
1075 1620 1150 1648 non
1177 1612 1304 1656 curat;
1338 1609 1403 1648 sed
1433 1611 1502 1659 qui

177 1672 399 1712 beneficium
431 1673 500 1711 dat
532 1672 626 1711 nihil
664 1673 769 1712 aliud
800 1676 909 1712 curat
938 1684 1052 1722 quam
1089 1676 1134 1711 ut
1169 1672 1387 1713 beneficium
1421 1675 1498 1723 det,

179 1737 243 1786 qui
268 1737 470 1787 praedium·
493 1738 585 1777 emit
612 1738 730 1777 solam
765 1737 1030 1777 salubritatem
1059 1742 1097 1777 et
1121 1749 1306 1778 recessum
1334 1740 1499 1788 respicit.

180 1805 307 1851 Atque
339 1802 426 1843 huic
452 1804 661 1842 sententiae
699 1804 895 1843 inventum
936 1806 1109 1843 nostrum
1133 1804 1204 1843 hoc
1230 1818 1295 1843 cur
1329 1811 1421 1844 emat
1445 1809 1499 1845 in-

179 1873 344 1908 tuendum
369 1874 419 1908 est
444 1872 578 1918 aptum
604 1872 796 1917 putamus.
859 1868 938 1908 Nec
977 1869 1192 1908 dubitarem
1219 1870 1369 1909 adicere
1399 1884 1498 1910 cure-

177 1937 289 1972 malin
322 1945 345 1972 a
371 1937 518 1972 merit
557 1933 637 1972 fere
665 1933 758 1972 nihil
791 1934 864 1973 nisi
896 1934 1137 1983 transpositis
1165 1934 1301 1973 litteris
1334 1933 1499 1982 differre,

178 1999 248 2037 nisi
276 2009 426 2038 vererer
451 2010 499 2037 116
521 1999 744 2038 arcessitum
771 1999 841 2038 1106
868 2003 907 2038 61
929 1998 1173 2039 artificiosum
1196 1999 1399 2039 videretur.

299 2062 441 2102 Contra
480 2063 583 2102 haud
607 2063 719 2102 dubie
745 2069 778 2102 et
806 2074 875 2112 pro
909 2070 984 2110 aut,
1011 2064 1111 2111 quod
1143 2064 1301 2113 praebet
1328 2064 1374 2112 N,
1402 2065 1496 2105 scri—

180 2129 344 2168 bendum
371 2132 430 2168 est
456 2129 491 2168 d.
518 2129 554 2168 b.
572 2129 626 2168 VI
656 2130 690 2176 6,
721 2130 740 2167 1
768 2133 846 2168 licet
862 2133 950 2168 mihi
966 2134 1059 2168 inter
1084 2143 1121 2168 se
1137 2143 1353 2178 comparare,
1381 2144 1496 2178 quan-

177 2199 250 2232 tum
271 2194 453 2242 profuerit
476 2197 563 2232 mihi
588 2198 734 2241 quisque
769 2200 801 2232 et
827 2199 997 2241 quantum
1021 2199 1189 2241 nocuerit,
1230 2205 1315 2234 eum
1343 2206 1495 2245 compa-

178 2263 309 2298 rentur
335 2259 435 2299 inter
461 2271 502 2299 se
530 2271 606 2299 una
631 2265 665 2299 et
690 2260 813 2300 altera
837 2271 908 2300 res.
969 2259 1146 2300 Gertzius
1170 2260 1219 2300 ad
1245 2260 1344 2300 1111116
1369 2261 1492 2302 10611111

175 2325 318 2364 ‘malim
344 2321 403 2365 οῖ’.
