1735 2760
849 108 897 149 19

227 231 436 271 sententiae
465 233 707 279 opponuntur
731 229 936 269 secundum
960 229 1124 268 codicem
1138 228 1171 267 B
1202 227 1317 267 verba
1341 227 1436 267 haec
1463 238 1535 266 uno

231 299 333 335 modo
356 299 455 335 dicas
478 299 558 335 licet
588 309 660 335 non
690 308 763 334 esse
790 299 830 332 in
858 297 958 333 melle
982 297 1216 333 dulcedinem:
1245 307 1330 332 m
1357 297 1435 340 ipse
1461 296 1533 337 ille,

220 364 283 408 quai
307 373 380 399 esse
403 364 536 406 debeat,
561 365 614 399 ita
637 365 782 407 aptatus
805 363 931 408 linqua
962 362 1154 406 palatoque
1186 364 1238 397 est
1263 361 1431 397 eiusmodi
1451 370 1533 406 qus-

221 430 304 472 tum,
345 431 387 465 ut
409 430 470 465 iae
501 429 587 466 talis
616 440 726 473 sapor
757 428 876 473 capiat
912 427 1116 471 offendetur.
1176 422 1282 469 Quae
1318 422 1422 462 nihili
1448 433 1533 463 esse

222 500 333 531 nemo
362 500 435 530 non
461 490 574 532 videt.
625 490 822 530 Fickertus
846 489 998 540 quidem
1029 489 1254 528 deteriorem
1282 500 1328 528 ex
1344 491 1456 536 parte
1476 499 1535 526 se-

223 559 332 597 cutus
358 556 521 597 codicem
548 556 603 596 ita
626 556 777 605 scripsit
799 570 883 598 noan
905 561 983 604 ipse
1009 559 1070 595 ille
1100 559 1163 603 qui
1185 560 1247 601 est,
1272 559 1369 595 debet
1392 558 1444 593 ita
1468 568 1531 602 ap-

221 624 1256 672 mmmmmlatoqmesoeadeiumaiyusmm,
1290 627 1330 659 ut
1364 624 1535 659 illetalis

164 726 167 729 ,
221 698 329 733 sapor
352 690 470 733 capiat
495 689 733 733 offendentem.
776 684 851 725 Sed
877 685 1041 734 primum
1067 684 1332 725 necessitatem
1358 695 1425 723 cur
1451 695 1532 723 mu-

222 753 350 791 temus
372 751 488 790 verba
504 755 566 799 qm·
585 764 658 790 esea
678 755 810 797 debeat,
831 755 949 790 ita-est
979 760 1052 789 non
1070 749 1189 797 video,
1216 753 1298 789 tum
1327 749 1418 788 mihi
1450 750 1531 797 qui-

222 816 308 856 dem
326 813 401 856 non
417 816 592 867 probavit
604 816 809 857 Fickertus
821 817 1048 857 sententiam
1066 827 1187 864 suam,
1216 826 1291 865 qua
1309 819 1534 863 offendentem

229 881 328 921 idem
355 893 438 922 esse
465 882 583 922 voluit
608 884 725 930 atque
748 886 968 922 incidentem.
1030 882 1177 921 Docent
1201 882 1299 921 enim
1326 892 1386 920 me
1412 882 1535 921 iudice

223 947 339 987 verba
381 948 578 995 sequentia
625 953 709 987 sunt
740 951 833 987 enim
869 951 1012 996 quidam
1043 951 1170 996 quibus
1197 951 1311 986 morbi
1348 952 1434 987 vitio
1467 950 1536 987 mel

224 1025 385 1052 marum
405 1016 568 1051 videatur
591 1012 630 1051 in
653 1012 841 1061 prioribus
864 1013 927 1061 agi
952 1012 1000 1051 de
1024 1023 1115 1051 vera
1132 1013 1296 1060 quadam
1321 1011 1534 1052 offensione.

222 1075 306 1117 Nec
314 1077 468 1116 meliore
480 1077 541 1116 avi
557 1076 725 1116 Haasius
741 1076 864 1117 locum
877 1076 1078 1116 emendare
1095 1079 1254 1117 conatus
1266 1080 1335 1127 est,
1350 1077 1414 1127 qui
1428 1076 1535 1117 ‘recte

223 1141 390 1182 fortasse
419 1153 487 1191 pro
516 1156 586 1181 uno
611 1146 723 1189 niodo,
757 1142 858 1189 quod
892 1145 995 1181 certe
1027 1141 1225 1181 ferendum
1257 1153 1332 1181 non
1363 1146 1432 1189 est,
1468 1147 1535 1181 isto

224 1212 327 1248 modo
352 1208 515 1256 scripsit,
542 1207 615 1247 nisi
639 1207 739 1247 sorte
768 1213 827 1248 tuo
854 1211 956 1247 modo
985 1208 1165 1257 praefers,
1201 1219 1285 1247 eum
1317 1206 1463 1247 facilius
1487 1218 1535 1246 ex

222 1277 298 1323 aqit
321 1263 383 1313 tino
406 1283 520 1321 quam
538 1284 585 1312 ex
610 1278 686 1322 aqu
713 1278 779 1312 isto
806 1273 896 1311 oriri
913 1273 1081 1322 potuerit
1102 1277 1177 1321 aqit
1201 1287 1281 1312 uno.
1333 1273 1418 1311 Vim
1445 1284 1535 1312 vero

224 1339 364 1378 adtulit
387 1339 552 1378 traditae
581 1338 664 1379 voci
695 1343 784 1386 ipae,
817 1348 931 1387 quam
962 1349 1008 1377 ex
1033 1342 1105 1377 mxci
1129 1339 1373 1388 depravatam
1405 1349 1487 1378 esse
1511 1350 1535 1378 a

224 1403 550 1443 verisimilitudine
583 1404 700 1443 abest.
764 1403 873 1449 Quod
909 1406 1108 1453 praeterea
1140 1407 1201 1442 ille
1231 1408 1315 1442 talis
1354 1418 1464 1451 sapor
1497 1405 1533 1442 in

223 1472 324 1508 illum
349 1472 433 1508 taus
457 1482 568 1516 sapor
595 1468 771 1516 mutavit,
799 1471 954 1518 propter
968 1468 1189 1517 languidam
1215 1470 1448 1517 pronominis
1474 1481 1534 1509 re·

224 1535 441 1583 petitionem
469 1545 544 1573 non
572 1534 768 1582 probabile
791 1534 953 1574 videtur.
1005 1535 1059 1574 Ut
1094 1546 1219 1574 meam
1244 1546 1336 1584 ergo
1360 1546 1532 1584 promam

224 1601 463 1646 sententiam,
491 1600 546 1637 ita
580 1599 817 1638 scribendum
850 1599 1021 1648 suspicor
1053 1614 1136 1639 nam
1159 1605 1234 1647 ipse
1264 1605 1335 1646 ille,
1368 1605 1430 1648 qui
1463 1614 1536 1640 esse

224 1668 357 1710 debeat,
381 1668 444 1711 ita,
471 1669 613 1711 aptatus
629 1668 752 1713 linqua
771 1668 961 1712 palatoque
984 1671 1036 1703 est
1058 1669 1107 1703 ad
1132 1669 1302 1705 eiusmodi
1325 1672 1478 1713 qustum,
1496 1672 1535 1705 ut

224 1732 363 1768 mellis
385 1742 575 1776 saporem
600 1733 737 1776 capiat·
764 1735 841 1768 aut
872 1733 1065 1776 offendetur
1098 1730 1139 1779 (i.
1170 1741 1201 1769 e.
1233 1731 1265 1769 si
1294 1731 1347 1769 ita
1374 1733 1529 1779 aptatus

225 1805 302 1834 non
329 1797 417 1841 est).
468 1793 565 1833 Nam
591 1794 630 1833 in
649 1794 770 1833 verbis
795 1798 856 1834 ille
880 1798 965 1834 talis
988 1809 1099 1843 sapor
1123 1794 1279 1842 offendo,
1306 1806 1391 1834 cum
1418 1807 1534 1835 unum

225 1859 286 1898 vel
309 1862 371 1898 ille
395 1859 454 1898 vel
490 1863 573 1898 talis
595 1858 823 1908 suffecisset3
854 1859 1002 1900 facilius
1033 1864 1232 1910 praeterea
1262 1872 1376 1909 quam
1415 1862 1535 1911 primo

224 1924 406 1973 adspectu
429 1924 590 1973 videtur,
608 1929 670 1965 ille
694 1930 778 1965 taus
803 1926 984 1976 originem
1010 1937 1058 1967 ex
1081 1929 1194 1965 mellis
1216 1926 1348 1973 traxit,
1374 1925 1536 1975 denique

224 1995 288 2029 αα
322 1988 435 2028 facile
471 1993 557 2039 post
594 1996 714 2038 capiat
751 1991 978 2031 intercidere
1013 1993 1183 2040 potuisse
1224 2001 1299 2029 non
1337 1994 1396 2030 est
1435 1992 1535 2040 quod

224 2054 395 2095 adiciam.

344 2119 418 2158 Sed
452 2123 497 2158 ut
527 2120 577 2158 ad
607 2120 645 2159 id
678 2120 779 2159 unde
814 2121 970 2170 digressi
1002 2133 1135 2161 sumus
1167 2124 1416 2169 revertamur,
1451 2122 1538 2161 huic

181 2197 188 2203 ·
226 2184 357 2234 generi
387 2193 434 2223 ea
466 2193 617 2232 quoqne
649 2184 824 2233 exempla
856 2185 1104 2224 adscribenda
1128 2185 1305 2225 videntur
1337 2185 1376 2223 in
1404 2186 1538 2234 quibus

225 2249 388 2289 alterum
428 2249 654 2289 vocabulum
690 2250 855 2298 priorem
889 2251 1081 2290 notionem
1117 2262 1189 2290 non
1229 2252 1352 2292 solum
1387 2252 1536 2301 repetit,

155 2342 156 2345 η
225 2325 357 2355 verum
384 2315 498 2355 etiam
524 2313 732 2365 amplificat
754 2319 794 2355 et
819 2316 969 2363 dilatat,
1000 2327 1111 2365 quem
1136 2317 1185 2357 ad
1211 2318 1364 2357 modum
1388 2328 1536 2365 compa-

225 2380 300 2421 rati
324 2384 414 2420 sunt
439 2380 512 2420 loci
533 2380 575 2420 hi
600 2385 721 2421 utilem
751 2394 789 2421 se
814 2385 950 2441 efficere
983 2386 1116 2422 civibus
1138 2387 1380 2431 mortalibusq.
1407 2383 1455 2422 di.
1484 2382 1537 2421 IX

226 2447 261 2495 3,
290 2447 323 2486 l.
373 2450 512 2485 bonum
527 2450 1069 2498 mdiumq.int1›etuscaveis
1092 2455 1269 2488 coercetur
1290 2449 1341 2488 di.
1367 2448 1423 2487 IX
1448 2449 1482 2495 3,
1501 2449 1537 2486 2.

179 2531 182 2533 ·
226 2513 335 2550 exilia
358 2514 538 2560 interdum
557 2515 807 2560 calamitatem.
833 2517 873 2550 in
895 2516 1088 2551 remedium
1114 2527 1245 2551 cessere
1277 2513 1324 2551 di.
1358 2513 1411 2551 lx
1437 2514 1471 2557 9,
1500 2515 1534 2552 3.
