1735 2760
770 115 876 154 ·55

199 230 249 269 di.
272 230 308 269 X
334 233 370 280 3,
399 234 431 271 1.
463 232 500 270 d.
525 233 560 271 b.
586 233 619 271 V
645 233 703 282 12,
742 234 774 272 1.
810 233 845 272 d.
874 233 920 272 el.
947 234 966 271 I
1002 235 1060 282 14,
1094 235 1126 272 1.
1160 244 1196 271 n.
1229 244 1266 281 q.
1299 233 1352 272 VI
1388 235 1446 280 19,
1472 235 1508 271 2.

199 298 316 334 Βίωνι
339 302 442 344 atque
462 299 593 336 autem
623 297 784 346 legimus
809 299 847 336 in
872 297 1004 337 Haasii
1031 297 1196 336 editione
1226 308 1284 345 ep.
1313 298 1371 345 70,
1398 299 1422 336 5
1447 302 1511 337 sed

197 364 302 399 simul
322 367 424 410 atque
437 369 624 402 occurrunt
639 366 783 402 molesta
807 367 1147 411 &tranquillitatem
1174 367 1362 408 turbantia,
1387 367 1511 401 ennttit

195 439 244 469 se,
273 425 336 465 ubi
360 439 383 465 e
409 427 544 466 codicis
575 439 600 476 p
627 428 750 467 verbis
775 433 824 468 sit
850 432 1015 468 simulata
1053 429 1330 468 restituendum
1361 428 1509 467 videtur

196 495 269 530 sed
292 496 330 530 si
357 496 498 531 multa.
1169 525 1174 530 -

313 556 456 595 Iterum
483 560 725 606 comparandi
750 571 863 599 sensu
881 553 1107 600 instructum
1134 563 1192 599 est
1216 575 1258 599 ae
1284 560 1321 598 in
1344 560 1508 600 formula

190 625 373 669 perinde
393 637 440 662 ac
456 627 503 670 si,
519 634 617 672 quae
630 628 780 673 praesto
794 627 854 665 est
866 626 900 666 d.
915 625 951 666 b.
964 626 1023 665 ΠΙ
1039 626 1096 673 12,
1110 627 1135 665 4
1149 631 1267 665 utrum
1281 640 1351 665 uno
1364 638 1507 665 mamere

196 691 246 725 ad
268 691 475 733 patientiam
500 693 716 728 iniuriarum
747 696 898 730 omnium
925 695 1138 740 adstra‘nyor,
1168 706 1216 730 an
1240 695 1418 738 perinde
1440 697 1507 730 cri-t

195 766 242 792 ac
278 757 318 791 si
351 757 507 801 qratiam
547 758 754 794 rettulerim.
809 756 855 795 In
893 756 1164 796 conclusionem
1202 755 1329 806 potius
1367 756 1507 795 transit

193 821 387 865 proinde
413 831 463 857 ac
487 823 536 857 si.
574 819 688 859 Recte
714 831 804 870 ergo
831 833 916 860 cum
943 823 1025 861 sola
1050 823 1283 871 comparatio
1300 822 1503 870 adpareret

195 893 253 932 ep.
271 883 331 930 86,
360 883 406 922 13
426 883 659 932 scripserunt
673 886 834 927 editores
860 892 966 927 dares
981 902 1072 927 nunc
1085 889 1301 927 Buccillum:
1320 890 1504 935 perinde

195 954 283 987 esset
306 962 352 987 ae
373 952 414 986 si
438 953 576 988 hircum
604 955 710 990 oleret
726 955 857 991 contra
875 953 987 991 fidem
1003 954 1169 992 codicum
1189 954 1218 991 P
1240 956 1279 991 et
1303 952 1337 999 b,
1365 952 1502 1001 quibus

130 1035 132 1038 f
196 1012 233 1051 in
258 1013 329 1052 hac
355 1012 604 1062 epistularum
630 1018 739 1062 parte
765 1015 931 1055 nitimur.
971 1016 1096 1066 Atque
1123 1016 1281 1055 eandem
1311 1015 1442 1055 eadem
1457 1015 1505 1054 de

196 1088 313 1116 causa
341 1073 567 1126 scripturam
594 1079 743 1118 traditis
771 1081 894 1120 verbis
909 1085 1063 1128 proinde
1087 1096 1129 1120 ac
1155 1086 1189 1119 si
1209 1079 1377 1128 praefert
1394 1080 1504 1119 Gert-

195 1143 275 1182 zius
301 1142 336 1181 d.
364 1142 399 1181 b.
419 1143 471 1182 VI
482 1143 518 1193 4,
545 1145 568 1182 3
593 1158 631 1183 eo
649 1159 702 1184 me
728 1149 801 1185 loco
820 1150 952 1195 posuit,
977 1149 1212 1194 utproinde
1230 1149 1317 1185 liber
1333 1148 1502 1184 adversus

196 1221 274 1245 ewm
295 1222 413 1254 essem,
439 1223 486 1246 ac
509 1213 548 1246 si
567 1213 663 1247 'nihil
686 1215 902 1257 accepissem.
933 1215 1017 1249 Pro
1037 1224 1080 1249 eo
1102 1225 1158 1256 ac,
1184 1210 1284 1258 quod
1310 1210 1502 1258 Draegero

108 1285 111 1292 ·
147 1318 150 1320 ,
196 1272 363 1320 exceptis
391 1271 513 1311 tribus
538 1273 724 1321 exemplis
743 1285 841 1323 quae
858 1274 1018 1323 sumpsit
1036 1285 1084 1312 ex
1102 1274 1290 1312 Ciceronis
1314 1274 1501 1321 operibus,

196 1347 271 1376 uno
317 1340 467 1377 tantum
506 1336 745 1385 Digestorum
772 1339 875 1378 [loco
914 1338 1088 1386 innotuit,
1136 1338 1250 1377 etiam
1301 1338 1503 1377 Annaeano

199 1403 372 1453 exemplo
399 1415 472 1444 uno
497 1404 727 1444 inlustratur
751 1419 828 1452 pro
854 1418 899 1444 eo
924 1410 973 1443 est
998 1419 1045 1444 ac
1068 1408 1107 1443 si
1123 1417 1240 1443 omnes
1252 1409 1343 1443 idem
1353 1410 1506 1443 sentiant

195 1480 253 1517 ep.
282 1472 365 1518 102,
394 1472 451 1510 12.

313 1535 383 1574 His
410 1536 594 1575 accedunt
624 1550 670 1575 ac
708 1541 794 1575 nisi
830 1550 959 1584 maqna
996 1538 1238 1575 moderatione
1269 1541 1505 1582 temperentur

194 1612 254 1649 ep.
292 1602 352 1648 23,
379 1602 403 1640 6
437 1605 476 1641 et
512 1617 559 1641 ac
591 1607 719 1649 prout
749 1605 882 1641 occasio
917 1607 950 1640 et
985 1604 1230 1648 reipublicae
1260 1614 1356 1641 meae
1387 1604 1503 1647 facid-

195 1670 249 1703 tas
274 1669 365 1704 tulit.
394 1666 430 1704 d.
456 1666 491 1704 b.
518 1667 569 1704 IV
597 1668 658 1713 32,
682 1668 717 1705 4.

813 1787 879 1827 IX.

313 1864 480 1906 Transeo
493 1866 557 1906 *ad
582 1866 791 1916 particulas
824 1866 1057 1915 copulativas
1087 1866 1168 1904 loco
1192 1865 1502 1904 disiunctivarum

195 1932 352 1979 positas.
379 1931 501 1972 Di.IV
514 1933 550 1980 5,
562 1933 587 1971 4
599 1932 692 1972 haee
704 1932 884 1985 leguntur
897 1934 1135 1972 Hannibalem
1151 1935 1252 1970 aiunt
1268 1934 1407 1975 dixisse,
1426 1944 1505 1969 cam

194 1999 325 2041 fossam
339 2001 511 2043 sanquine
522 2001 672 2035 humano
679 2001 825 2043 plenam
835 2002 999 2035 vidisset:
1026 2011 1046 2035 o
1057 2000 1247 2042 formosum
1262 1999 1509 2042 spectaculum!

195 2066 332 2110 Quanto
358 2065 545 2110 pulchrius
569 2065 626 2100 illi
662 2066 775 2101 visum
805 2066 902 2111 essct,
935 2064 967 2100 si
998 2064 1126 2106 flumen
1153 2063 1296 2108 aluluod
1326 2063 1505 2107 lacumque

187 2131 393 2174 ‘conplessen
434 2127 530 2166 Mira
556 2127 653 2165 inest
678 2126 738 2167 his
754 2127 878 2166 verbis
890 2126 1076 2174 gradatio,
1107 2128 1233 2164 tamen
1251 2135 1506 2174 praepropere

195 2194 374 2239 lacrumae
391 2191 430 2229 in
455 2191 705 2240 suspicionem
721 2191 869 2230 vocavit
892 2190 1078 2229 Gertzius.
1131 2189 1266 2229 Plures
1280 2189 1379 2228 enim
1404 2189 1506 2228 locos

194 2256 379 2295 invenisse
414 2256 520 2295 nobis
553 2256 724 2295 videmur
755 2256 791 2294 in
821 2255 958 2303 quibus
989 2255 1116 2304 aliqua
1159 2255 1351 2304 scriptoris
1380 2254 1506 2302 potius

195 2320 433 2369 neglegentia
465 2331 578 2368 quam
609 2320 849 2359 librariorum
885 2320 995 2369 culpa
1026 2334 1090 2368 que
1117 2320 1244 2359 sedem
1277 2334 1317 2358 ve
1350 2319 1505 2357 voculae

193 2385 400 2434 occupavit.
459 2385 640 2425 Eiusdem
673 2384 841 2435 profecto
874 2385 1024 2434 generis
1060 2388 1119 2424 est
1150 2384 1251 2435 quod
1280 2384 1420 2433 legitur
1445 2394 1503 2432 ep.

195 2452 278 2498 104,
315 2451 360 2489 18
384 2454 493 2498 fregit
516 2454 646 2498 aliquis
678 2464 760 2489 crus
797 2457 860 2490 aut
891 2456 1037 2490 emtor-eit
1067 2454 1274 2497 articulum.-
1292 2495 1296 2498 ,
1311 2465 1386 2490 non
1409 2454 1501 2488 vehi-

190 2520 507 2563 autumnumque
515 2518 722 2560 maenaa,
751 2519 814 2555 sed
833 2519 980 2555 aduocat
1003 2519 1183 2561 medicum,
1212 2521 1252 2555 ut
1276 2520 1395 2563 fracta
1413 2528 1501 2564 pare
