1735 2760
839 135 888 174 59

173 247 175 249 ’
213 255 253 291 in
274 249 456 292 meridiem
476 266 569 292 aura
588 256 809 305 producitur.
875 253 957 292 Iam
984 254 1023 292 in
1047 253 1106 293 his
1130 256 1223 293 sunt
1247 264 1345 301 quae
1369 263 1523 301 progre-

211 316 378 357 dientem
403 322 609 358 morentur.
659 318 923 358 Praeferemus
951 319 1051 358 enim
1074 315 1214 358 'codicis
1238 318 1269 357 B
1295 319 1522 367 scripturam

211 395 378 430 unquam,
406 383 494 431 quia
531 384 585 424 eis
611 395 709 432 quae
735 383 805 423 hoc
827 384 909 423 loco
942 383 990 422 de
1015 384 1141 432 spatio
1168 382 1407 432 potissimum
1432 393 1523 421 ven-

213 451 340 487 torum
365 447 550 497 dicuntur,
577 451 703 498 aptior
730 451 789 489 est
821 450 1001 499 temporis
1038 460 1153 498 quam
1194 448 1267 487 loci
1300 448 1521 497 designatio,

211 513 309 552 Tum
321 524 445 553 nonne
472 513 543 554 hoc
567 526 682 555 sensu
709 519 823 565 caret,
853 527 918 556 eos
944 519 1076 555 ventos
1099 526 1174 554 non
1197 524 1321 562 usque
1347 514 1387 552 in
1411 514 1521 553 meri-

210 577 309 617 diem
336 578 492 628 produci
510 579 574 627 qui
594 580 690 619 circa
707 581 872 620 medium
889 582 990 621 diem
1013 581 1301 629 relanguescere
1322 579 1523 619 dicantur?

208 645 324 684 Recte
345 648 437 684 eitra
460 649 612 684 maium
635 645 888 686 Buechelerus
914 646 1152 687 scribendum
1184 644 1350 685 coniecit.
1407 644 1523 684 Aliud

212 710 391 749 mendum
425 710 523 749 latet
559 710 597 749 in
634 711 877 759 sequentibus
915 711 1039 751 verbis
1070 716 1146 751 abia
1178 716 1294 754 mitem
1327 713 1522 749 inbecillior

209 788 253 814 ae
287 778 424 814 brevior
455 780 506 814 est
541 781 652 823 prout
680 780 929 816 valentioribus
954 779 1189 815 minoribusve
1219 778 1372 814 conlecta
1403 778 1522 814 causis

210 845 271 886 eet,
311 840 448 888 quibus
487 851 704 881 succurrere
719 865 723 870 -
741 845 899 881 conatus
937 843 997 882 est
1029 840 1196 880 Haasius
1234 844 1308 879 abia
1331 843 1420 890 post
1445 844 1522 879 alia

209 896 325 944 antem
362 905 573 945 inserendo.
632 906 816 946 Remanet
853 918 942 946 vero
978 906 1184 946 etiamnum
1222 905 1365 955 vitium.
1430 904 1522 951 Quis

209 971 308 1009 enim
335 970 409 1009 erit
433 971 498 1019 qui
524 981 610 1010 cum
639 972 879 1021 detempore
904 974 945 1012 et
970 972 1093 1021 spatio
1119 975 1317 1011 ventorum
1345 971 1520 1019 disserat,

209 1035 327 1074 alium
353 1035 402 1074 ab
429 1035 503 1074 alio
528 1035 712 1075 brevitate
739 1035 890 1076 differre
916 1037 1044 1076 dicat?
1096 1036 1325 1085 Imperfecta
1341 1047 1433 1084 ergo
1460 1040 1518 1076 est

211 1100 333 1140 oratio
368 1111 437 1141 nec
473 1101 511 1140 in
543 1111 617 1149 qua
643 1101 771 1150 priora
797 1101 1070 1150 posterioribus
1103 1100 1367 1150 respondeant,
1403 1112 1518 1150 quam

212 1165 282 1205 hoc
306 1165 385 1206 fere
411 1167 523 1206 modo
550 1167 804 1215 explebimus:
841 1168 915 1206 alia
943 1171 1072 1207 antem
1092 1168 1168 1207 alia
1192 1167 1341 1217 longior
1365 1178 1411 1207 ac
1435 1167 1519 1207 bre-

207 1231 289 1272 vior
327 1233 387 1271 est
424 1234 547 1287 prout.
619 1232 723 1271 Nihil
763 1243 849 1271 vero
896 1234 988 1272 certi
1019 1243 1102 1271 cum
1133 1244 1181 1272 ex
1217 1232 1372 1272 traditis
1398 1231 1519 1271 verbis

208 1288 407 1336 enucleare
432 1296 524 1335 mihi
550 1298 759 1345 contigerit,
784 1298 888 1336 inani
913 1298 1162 1337 hariolatione
1186 1297 1369 1337 abstineo.

328 1361 595 1403 Dissolutionis
622 1363 835 1414 exemplum
864 1363 1019 1403 exhibet
1048 1363 1167 1402 codex
1190 1362 1226 1400 N
1252 1363 1349 1401 d.>b.
1375 1361 1433 1401 111
1460 1362 1518 1409 10,

208 1430 233 1468 3
257 1429 316 1468 his
341 1428 464 1469 verbis
489 1444 593 1477 quam
617 1434 742 1470 deinde
775 1417 925 1478 poenam
948 1434 1101 1479 ingratis
1124 1432 1387 1469 comitumue?
1410 1442 1519 1468 unam

209 1497 377 1539 omuibus,
404 1507 481 1532 enim
505 1497 665 1542 disparia
690 1498 853 1539 beneficia
877 1495 980 1533 sint?
1011 1498 1229 1541 inaequalem
1255 1500 1287 1531 et
1310 1507 1380 1540 pro
1405 1498 1517 1532 cuius-

209 1573 277 1608 que
298 1562 459 1605 beneficio
483 1563 652 1600 maiorem
676 1564 853 1607 minorem,
878 1558 941 1600 ubi
959 1559 1068 1609 volgo
1094 1559 1152 1599 his
1176 1558 1299 1599 verbis
1322 1565 1384 1598 aui
1400 1558 1518 1598 inter·

209 1624 375 1672 ponitur.

326 1688 380 1728 At
403 1687 627 1738 plerumque
677 1689 714 1728 in
741 1688 953 1729 huiusmodi
978 1688 1184 1728 enuntiatis
1209 1687 1311 1738 apud
1337 1686 1518 1729 Senecam

208 1753 415 1802 particulas
452 1753 695 1793 disiunctivas
729 1755 828 1802 poni,
869 1766 890 1793 e
921 1765 1080 1793 numero
1104 1754 1361 1803 exemplorum
1400 1755 1518 1793 mani-

206 1818 347 1859 festum
373 1817 439 1858 fit:

293 1899 400 1942 mayis
420 1882 566 1933 minusve
587 1902 739 1932 aestuant
762 1910 793 1933 n.
807 1910 838 1941 q.
860 1899 908 1932 111
924 1900 975 1940 26,
991 1901 1021 1932 8.
1060 1902 1163 1941 prout
1181 1908 1316 1940 aequum
1332 1898 1519 1940 iniquumve

291 1956 385 1990 sim
405 1957 537 1990 incessit
564 1956 608 1989 di.
636 1957 681 1989 VI
711 1958 761 1998 18,
788 1957 818 1989 3.
881 1957 990 1990 stellae
1003 1980 1099 1989 .....
1135 1965 1234 1989 eursu
1259 1966 1319 1992 suo
1347 1965 1520 1989 oeeursuve

291 2015 385 2049 modo
403 2015 543 2057 stipam,
566 2014 660 2048 modo
682 2015 798 2047 imbres
800 2039 850 2047 .....
872 2018 993 2047 movent
1015 2026 1048 2048 n.
1071 2025 1101 2056 q.
1126 2014 1158 2046 ΙΙ
1183 2014 1233 2055 11,
1255 2015 1285 2045 2.
1409 2016 1519 2055 veqeta

292 2073 351 2114 aut
371 2071 511 2103 devnissa
532 2074 629 2112 prout
650 2071 682 2103 d.
695 2071 824 2110 01.112,
842 2072 868 2102 1.
932 2071 1036 2103 brevis
1058 2073 1117 2102 aut
1138 2070 1235 2111 lonya
1253 2074 1352 2112 prout
1375 2082 1408 2104 n.
1431 2082 1461 2112 q.
1474 2072 1519 2103 VI

290 2128 341 2160 28.
353 2129 384 2160 3.
491 2127 637 2161 sublimis
658 2131 718 2160 aut
738 2127 879 2168 humilis,
897 2130 1002 2169 prout
1026 2127 1081 2160 ille
1100 2136 1133 2160 se
1154 2128 1306 2161 submisit
1330 2131 1389 2161 aut
1410 2132 1518 2161 sustu-

292 2185 332 2218 lit
352 2197 383 2218 n.
401 2196 432 2227 q.
454 2186 513 2224 13,
538 2187 587 2217 11.
632 2189 734 2227 prout
753 2188 822 2223 aut,
846 2185 899 2218 ita
919 2189 978 2218 aut
992 2188 1053 2217 aut
1065 2196 1097 2216 n.
1111 2195 1142 2226 q.
1155 2183 1214 2217 VII
1232 2185 1282 2226 11,
1306 2186 1335 2218 3.
1382 2186 1521 2221 maiores

291 2243 467 2276 ”tinoreeve
475 2243 575 2285 ignes,
585 2245 683 2284 prout
689 2243 768 2284 plus
778 2243 959 2275 autminus
969 2242 1090 2275 virium
1100 2252 1132 2274 n.
1146 2252 1176 2283 q.
1189 2242 1204 2273 I
1219 2244 1247 2282 1,
1260 2244 1291 2275 9.
1378 2244 1519 2284 proinde

288 2303 431 2340 autaut,
448 2303 549 2341 prout
570 2303 629 2332 aut
649 2310 681 2331 n.
705 2310 736 2341 q.
758 2299 804 2332 IV
827 2301 858 2340 2,
879 2300 910 2331 2.
971 2299 1114 2341 proinde
1141 2300 1269 2332 maiora
1292 2304 1353 2333 aut
1375 2301 1515 2343 minora,

291 2360 393 2399 prout
414 2360 473 2390 aut
494 2357 525 2389 d.
547 2358 579 2390 b.
601 2356 649 2389 ΙΙΙ
674 2358 722 2396 12,
744 2357 775 2389 2.
893 2356 931 2388 in
951 2366 1017 2389 uno
1039 2359 1097 2389 aut
1119 2357 1221 2389 altero
1242 2357 1274 2390 d.
1297 2358 1330 2390 b.
1352 2358 1415 2391 VII
1438 2359 1467 2397 1,
1488 2360 1519 2392 4.

294 2424 396 2447 unum
419 2418 478 2447 aut
496 2415 634 2447 alterum
656 2414 688 2446 d.
710 2414 752 2446 cl.
776 2414 792 2446 I
817 2415 869 2455 26,
892 2415 922 2446 4.
983 2424 1049 2447 uno
1070 2414 1124 2448 die
1144 2415 1281 2447 alterove
1302 2416 1350 2448 di.
1370 2416 1415 2449 VI
1437 2418 1466 2457 7,
1487 2417 1518 2449 2.

332 2473 540 2514 Identidem
567 2484 656 2521 ergo
684 2486 750 2521 que
774 2473 891 2512 vicem
910 2472 1222 2512 disiunctivarum
1248 2473 1518 2523 particularum

206 2538 351 2578 obtinet
376 2540 416 2578 et
431 2539 656 2588 plerumque
676 2538 828 2586 quidem
856 2538 896 2577 in
921 2537 1047 2579 verbis
1067 2539 1257 2579 contrario
1272 2550 1382 2579 sensu
1406 2549 1514 2587 prae-
