1735 2760
862 77 912 117 70

232 206 302 245 pro
331 200 475 257 ideoque
495 200 719 247 usurpatum
745 198 880 248 accipit
908 198 956 238 di.
982 197 1039 237 ΠΙ
1067 199 1126 247 12,
1160 198 1183 237 5
1215 202 1254 237 in
1283 201 1394 239 armis
1422 201 1543 238 oblivi-

231 255 342 300 scitur
368 262 457 312 (ira)
486 262 648 302 Martem
670 276 743 303 esse
769 277 981 303 communem
1005 268 1165 311 venitm
1187 268 1226 302 in
1249 241 1409 303 alienam
1421 269 1543 320 poteo-

232 332 345 374 tatem,
385 331 469 367 dum
493 332 533 367 in
570 342 637 368 sua
672 342 743 368 non
768 334 829 369 εει.
884 328 989 368 Idem
1016 328 1261 368 statuendum
1300 330 1361 367 est
1385 327 1421 367 d.
1451 327 1496 368 cl.
1523 327 1542 367 1

232 392 290 439 19,
317 393 352 430 3.
379 392 415 431 d.
442 392 477 431 b.
502 392 561 431 III
585 393 644 440 27,
672 394 707 431 3.
727 393 777 432 di.
805 390 949 639 ΧΙΙἨΞΖ,
976 395 1012 432 2.
1479 405 1481 407 ·

355 457 414 495 Ad
453 459 688 505 postremum
711 468 781 506 per
819 471 885 506 que
931 457 1121 497 ententias
1147 457 1302 506 adiungi
1335 456 1426 495 nihil
1454 456 1543 495 novi

229 521 481 574 designantes,
508 522 575 563 sed
599 523 829 572 explicantes
854 534 878 573 p
912 533 980 563 ora
996 521 1114 562 verba
1139 521 1232 562 nihil
1261 524 1320 562 est
1343 522 1445 572 quod
1470 521 1541 560 mi-

228 598 367 634 remur,
395 600 481 628 cum
507 589 563 628 ita
586 591 782 638 tamquam
800 600 844 629 co
924 589 1061 628 unione
1081 599 1214 628 sensus
1238 588 1436 628 coniuncta
1461 588 1542 627 vin-

229 653 388 691 ciantur.
454 653 562 693 Licet
601 664 692 703 ergo
723 645 797 711 duo
830 641 983 693 tantum
1016 664 1116 693 nunc
1146 653 1365 702 depromere
1400 651 1543 701 possim

228 718 342 757 huius
366 729 458 757 usus
481 720 666 767 exempla,
693 731 770 758 non
786 723 917 759 tamen
944 719 1003 758 his
1029 729 1118 758 eum
1135 718 1299 758 coerceri
1323 721 1427 767 puto.
1460 717 1542 757 Nec

230 782 407 822 credibile
430 783 523 823 mihi
549 784 711 832 videtur,
739 784 839 833 quod
865 785 1083 833 Draegerus
1106 795 1142 832 p.
1168 784 1218 824 42
1246 783 1404 823 testium
1428 782 1541 824 silen-

228 846 281 886 tio
314 847 435 887 fretus
460 847 657 897 significat,
689 849 784 888 talia
811 849 1008 888 enuntiata
1032 859 1108 887 non
1133 848 1290 888 inveniri
1315 847 1417 898 apud
1442 847 1545 888 Cice-

228 923 370 953 ronem.
409 913 573 953 Senecae
598 913 748 961 quidem
774 914 890 953 verba
916 914 986 953 hoc
1012 914 1123 953 modo
1149 912 1367 962 accipienda
1392 907 1483 952 sunt
1505 913 1542 953 d.

228 977 264 1016 b.
280 977 319 1016 II
343 978 404 1025 31,
432 980 456 1016 2
482 983 544 1026 qui
568 982 770 1025 beneficium
790 971 868 1025 dat,
894 982 982 1026 quid
1000 982 1199 1026 proponit?
1223 982 1390 1025 prodesse
1414 982 1458 1027 ei,
1484 982 1542 1017 oui

229 1046 291 1082 dat
311 1049 345 1081 et
367 1047 539 1091 voluptati
564 1057 646 1083 esse.
699 1047 741 1083 Si
768 1048 863 1091 quod
887 1047 997 1083 voluit
1022 1047 1132 1090 effecit
1156 1047 1384 1091 pervenitque
1415 1046 1466 1082 ad
1487 1056 1542 1082 me

227 1110 369 1147 animas
396 1110 475 1145 ‘eius
506 1120 547 1145 ac
581 1112 699 1145 mutuo
731 1110 871 1163 {gaudiox
893 1109 1037 1155 adfecit,
1064 1110 1144 1145 tulit
1176 1110 1270 1153 quod
1287 1111 1394 1154 petiit
1423 1109 1462 1146 ot
1485 1117 1543 1156 ep.

229 1170 289 1217 63,
331 1171 377 1209 16
410 1175 444 1210 si
471 1176 575 1212 modo
600 1186 685 1211 vera
709 1176 921 1219 sapientimn
943 1174 1042 1218 fama
1069 1177 1120 1211 est
1143 1176 1333 1220 recipitque
1357 1185 1421 1212 nos
1445 1175 1543 1212 loeus

229 1239 372 1284 aliqtois.

346 1464 514 1503 Tandem
541 1464 590 1503 ad
623 1464 735 1504 finem
772 1465 1013 1514 pervenimus
1040 1465 1258 1505 iamdudum
1293 1466 1363 1504 tibi
1390 1468 1544 1515 exopta-

227 1532 310 1568 tum
335 1527 484 1568 defesso
509 1529 547 1567 ni
573 1528 687 1568 fallor
703 1528 829 1569 taedio
857 1542 902 1570 ac
926 1530 1069 1570 labore.
1106 1529 1204 1569 Fore
1228 1533 1276 1569 ut·
1297 1529 1417 1569 multa
1438 1527 1543 1569 male

227 1594 376 1639 omissa,
404 1592 525 1631 multa
550 1593 711 1643 inutilia,
739 1594 860 1632 multa
884 1593 980 1632 falsa
1006 1594 1158 1639 iudices,
1184 1604 1253 1643 pro
1279 1595 1383 1633 certo
1407 1594 1540 1633 habeo.

227 1659 355 1707 Atque
379 1658 474 1698 adeo
502 1668 634 1697 vereor
659 1669 707 1697 ne
739 1657 868 1698 omnia
898 1658 1099 1698 videantur
1123 1657 1247 1698 futilia
1280 1662 1396 1708 atque
1433 1670 1538 1709 sper-

228 1724 366 1762 nenda.
393 1723 457 1762 Sin
480 1723 592 1761 aliter
613 1725 827 1772 contigerit,
856 1723 928 1763 hac
952 1724 1104 1772 quidem
1129 1725 1167 1762 in
1192 1735 1235 1763 re
1258 1724 1370 1764 valde
1390 1735 1451 1764 me
1474 1719 1537 1765 de-

226 1789 409 1828 lectatum
436 1788 484 1827 iri
508 1798 636 1828 errore
663 1799 746 1828 meo
773 1788 935 1838 ingenue
961 1787 1152 1828 confiteor.
