1735 2760
866 93 916 142 66

231 214 360 265 autem
398 214 457 252 est
495 211 707 265 meritoque
745 223 768 253 a
795 212 887 251 viris
925 212 1065 265 doctis,
1105 211 1342 262 Madvigium
1386 210 1471 285 d’kco
1508 212 1548 250 et

190 293 193 295 ·
230 278 435 326 Handium,
463 278 617 319 reicitur
643 284 771 331 et-que,
799 278 899 328 quod
925 277 1079 329 Seneca,
1106 277 1138 318 si
1151 276 1329 333 Fickerto
1343 276 1546 326 credlmus,

228 343 403 383 adhibuit
442 343 763 382 consentientibus
798 343 829 380 B
867 344 907 381 et
937 343 971 398 Ἐξ
996 354 1031 381 n.
1055 354 1090 391 q.
1118 343 1173 395 1V
1198 344 1237 392 2,
1262 344 1311 382 22
1342 356 1420 382 etun
1452 356 1546 382 rese-

229 411 346 447 derint
369 407 555 456 (etesiae),
584 412 616 446 et
639 410 787 457 pehqus
808 410 1015 455 conquiescit
1029 410 1210 455 nunorque
1226 411 1449 461 descendenti
1464 410 1547 448 iude

226 477 281 511 vis
305 476 391 512 Nilo
425 479 486 511 est.
537 472 611 511 Sed
640 472 686 512 lis
720 476 780 511 est
812 472 859 511 de
884 473 1012 512 codice
1038 473 1081 517 E,
1118 472 1226 512 cuius
1254 474 1293 512 in
1318 472 1462 513 Herelii
1484 483 1548 525 ex·

226 537 367 587 cerptis
392 537 487 577 haec
512 536 635 577 fertur
659 537 850 586 scriptura
876 551 953 576 cwm
976 540 1147 576 resederit
1163 541 1310 587 pelagus
1325 541 1543 586 conquiescit.

231 601 390 652 Scripsit
416 602 518 642 haud
543 603 656 642 dubie
683 602 826 643 Seneca
840 617 919 642 cum
933 607 1139 649 resederint,
1163 607 1310 652 pelayus
1324 607 1549 651 conquiescit.

228 671 337 706 Et-ac
362 667 410 705 ab
437 667 567 705 eodem
594 667 744 706 Handio
770 667 809 706 II
828 679 864 716 p.
879 668 953 706 529
972 668 1137 707 sermoni
1155 668 1273 707 latino
1290 668 1543 708 abiudicatur.

227 732 323 771 Nam
350 733 446 772 duos
473 732 540 781 qui
566 732 599 770 ei
624 732 870 772 innotuerant
895 732 994 771 locos
1009 733 1088 782 ipse
1111 733 1296 783 repudiat,
1324 732 1452 780 Quint.
1469 732 1543 772 XII

229 798 286 844 10,
318 798 368 836 64
394 803 427 836 et
462 802 563 845 copia
587 801 771 836 verborum
796 803 901 845 atque
923 801 1056 845 inpetu,
1084 798 1147 837 ubi
1175 804 1207 837 et
1230 798 1431 838 delendum
1455 809 1538 838 cen-

225 866 294 911 set,
321 866 360 901 et
386 865 489 902 recte
517 862 668 911 quidem
694 873 780 902 cum
805 874 850 902 ex
876 863 1003 911 priore
1022 863 1204 902 versiculo
1223 863 1324 903 male
1340 864 1543 914 repetitum

226 928 288 966 sit.
339 928 436 966 Tum
475 919 574 975 quae
609 928 709 976 apud
741 928 961 968 Diomedem
993 929 1143 977 legerat
1168 928 1283 968 verba
1321 935 1354 968 et
1388 933 1546 977 diqnitas

225 998 330 1040 atquc
347 999 516 1040 potestas,
543 992 598 1032 ita
623 1004 744 1041 nuper
770 991 886 1032 edidit
910 992 1055 1032 Keilius
1081 1004 1118 1042 p.
1140 993 1226 1042 467,
1253 993 1303 1032 32
1329 999 1361 1033 et
1388 996 1545 1043 dignitas
1597 1022 1600 1024 -

226 1063 258 1096 et
294 1063 451 1105 potestas
489 1058 598 1096 nulla
634 1059 819 1096 adnotata
856 1057 1110 1105 discrepantia
1147 1058 1343 1097 librorum.
1398 1059 1546 1098 Adiecit

224 1122 282 1160 his
317 1122 501 1171 exemplis
524 1122 742 1171 Draegerus
774 1133 810 1170 p.
838 1123 885 1160 77
921 1125 962 1161 ut.
988 1122 1208 1162 defenderet
1232 1129 1322 1162 et-ac
1348 1124 1545 1172 complura

225 1186 311 1226 alia.
365 1186 439 1226 Sed
472 1188 575 1235 apud
604 1187 683 1226 Cic.
710 1188 747 1226 d.
775 1187 809 1226 d.
838 1198 872 1225 n.
900 1187 919 1225 I
955 1188 1012 1233 19,
1040 1188 1089 1226 50
1124 1202 1261 1227 summa
1292 1202 1373 1227 vero
1411 1192 1467 1227 vis
1490 1192 1545 1226 in-

222 1255 374 1298 finitatis
415 1257 448 1291 et
486 1266 616 1301 maqna
653 1266 696 1291 ae
734 1256 894 1300 diliyenti
931 1256 1218 1300 contemplatione
1252 1256 1463 1301 diqnissima
1494 1258 1545 1292 est

225 1317 325 1355 male
362 1317 462 1365 cepit
498 1330 654 1362 summa,
690 1327 789 1365 quae
817 1328 888 1355 vox
910 1327 984 1354 non
1012 1315 1206 1356 adtributa
1233 1316 1299 1357 sed
1324 1317 1546 1367 praedicata

224 1381 443 1431 accipienda
480 1384 548 1420 est.
611 1381 743 1420 Altero
782 1381 863 1421 loco
905 1380 1135 1420 Suetoniano
1171 1382 1211 1420 in
1251 1393 1282 1420 v,
1325 1381 1459 1421 Claud.
1496 1382 1543 1421 21

226 1452 377 1494 utraque
419 1452 452 1485 et
493 1450 602 1491 tofina
642 1460 684 1485 ac
718 1450 836 1494 liqnea
861 1446 960 1484 unde
986 1448 1112 1484 ortum
1140 1446 1189 1486 sit
1216 1453 1249 1485 et
1273 1447 1313 1486 in
1338 1447 1544 1496 propatulo

225 1514 296 1551 est.
347 1511 461 1559 Apud
486 1504 658 1551 Tacitum
696 1510 784 1549 dial.
817 1511 864 1548 14
889 1511 975 1560 post
1002 1521 1131 1550 vocem
1157 1514 1346 1558 adfecisset
1367 1511 1543 1551 lacunam

223 1575 465 1615 statuendam
491 1586 573 1615 esse
598 1579 701 1614 recte
723 1586 844 1623 nuper
861 1574 1116 1614 Buechelerus
1137 1575 1173 1613 in
1193 1576 1395 1615 seminario
1413 1579 1544 1616 nostro

223 1639 414 1691 philologo
445 1641 604 1680 censuit.
657 1639 829 1689 Denique
859 1640 961 1689 apud
986 1639 1231 1680 Lactantium
1256 1640 1289 1680 V
1315 1640 1351 1688 9,
1377 1642 1425 1680 22
1451 1645 1545 1681 vide-

222 1712 285 1745 ant
323 1712 356 1745 et
394 1720 432 1745 se
471 1720 515 1745 ac
552 1719 634 1745 suos
672 1719 713 1744 ea
749 1719 839 1753 quae
877 1709 1032 1744 divimus
1068 1719 1191 1755 oerere
1226 1716 1269 1744 ex
1296 1705 1545 1746 antecedente

222 1763 354 1811 littera
389 1777 421 1810 et
453 1774 586 1811 natum
626 1781 709 1810 esse
743 1770 822 1818 ipse
855 1770 1073 1820 Draegerus
1100 1770 1317 1819 suspicatus
1345 1773 1416 1811 est.
1470 1770 1545 1811 Sed

223 1837 419 1876 videamus
454 1837 502 1875 de
528 1837 610 1874 loco
638 1836 844 1875 Annaeano
870 1835 908 1874 d.
926 1836 961 1874 b.
980 1836 1037 1874 111
1066 1836 1123 1883 15,
1154 1837 1177 1874 3
1201 1850 1221 1875 o
1247 1842 1385 1884 turpem
1399 1840 1545 1876 humani

221 1905 361 1950 generis
387 1906 419 1940 et
445 1904 591 1948 fraudis
617 1915 659 1940 ae
682 1905 859 1948 nequitiae
883 1904 1046 1948 publicae
1062 1904 1320 1947 confessionem.
1373 1898 1473 1940 Nam
1491 1901 1544 1940 sic

225 1978 312 2006 cum
338 1967 376 2004 in
402 1966 593 2015 plerisque
605 1965 793 2005 codicibus
809 1969 892 2004 tum
907 1966 942 2003 in
957 1965 991 2003 N
1006 1965 1139 2005 fertur.
1166 1963 1345 2005 Reddidit
1358 1965 1545 2006 hanclec-

222 2031 364 2071 tionem
388 2029 605 2079 Fickertus,
637 2018 859 2070 dubitanter
883 2032 1011 2070 tamen
1039 2036 1071 2070 et
1095 2040 1164 2080 pro
1190 2044 1233 2070 ac
1258 2030 1371 2085 scribi
1396 2025 1543 2070 maluit.

223 2096 388 2135 Haasius
428 2099 559 2135 autem
595 2099 635 2135 et
668 2096 891 2136 novissimus
929 2096 1055 2135 editor
1090 2095 1266 2136 Gertzius
1300 2093 1477 2135 delerunt
1501 2101 1545 2135 et.

223 2161 356 2200 Dicam
390 2160 481 2209 quid
513 2160 594 2209 ipse
628 2160 802 2200 iudicem.
854 2164 905 2217 Et
931 2163 970 2200 et
994 2171 1036 2201 ac
1063 2161 1095 2200 si
1124 2170 1195 2210 pro
1221 2166 1305 2200 et-et
1328 2160 1452 2209 posita
1474 2171 1543 2210 pu-

219 2222 336 2274 tares,
355 2237 404 2265 ne
416 2225 487 2265 hoc
500 2225 653 2274 quidem
667 2225 967 2275 intellegeretur,
986 2236 1053 2265 cur
1066 2226 1122 2265 ita
1134 2226 1296 2274 scriptor
1307 2224 1424 2265 verba
1436 2228 1542 2272 fraus

220 2288 261 2331 et
277 2295 436 2339 nequitia
452 2291 551 2331 idem
565 2290 645 2330 fere
659 2290 826 2330 valentia
841 2290 1067 2330 distinxerit.
1105 2290 1241 2331 Deleto
1258 2293 1387 2330 autem
1402 2296 1437 2330 et
1448 2291 1541 2341 dup-

220 2357 280 2397 lici
307 2357 420 2396 modo
446 2357 589 2397 secerni
613 2358 772 2407 possunt
788 2355 916 2407 verba,
940 2360 1086 2404 fraudis
1112 2355 1212 2396 enim
1229 2359 1298 2397 aut
1314 2352 1540 2408 trahendum

220 2426 282 2462 est
314 2422 364 2461 ad
393 2425 539 2462 humani
560 2427 716 2471 qenm‘s,
750 2417 851 2472 quod
878 2421 1048 2472 improbo
1071 2425 1228 2473 propter
1252 2420 1539 2462 similitudinem

221 2487 474 2538 epithetorum
500 2492 647 2528 humani
669 2481 809 2538 yeneris
825 2491 865 2527 et
879 2491 1053 2536 publicae,
1079 2491 1149 2528 aut
1165 2487 1288 2528 artius
1307 2476 1539 2541 coniungen-
