1735 2760
851 108 898 146 12

225 226 402 275 repetitio
441 226 675 275 pronominis
714 230 755 266 et
787 227 950 267 imitatio
983 227 1166 267 Sallustii.
1217 227 1363 267 Maiore
1386 226 1539 282 quidem

226 291 378 331 adfectu
401 291 643 341 pronuntiari
671 291 772 331 locos
797 291 861 331 ubi
887 292 1067 342 occurrit,
1098 291 1209 332 facile
1232 291 1447 342 suspiceris,
1472 291 1540 332 sed

225 356 434 406 perexigua
474 356 650 405 exempla
687 357 892 407 suspicioni
930 356 1018 398 huic
1042 356 1326 408 respondebunt
1349 356 1455 398 velut
1478 370 1541 397 oro

225 429 330 471 atque
364 427 505 462 obsecro
543 434 602 472 ep.
630 423 689 470 19,
719 424 738 461 1
765 423 814 462 di.
843 423 896 462 VI
922 424 958 472 5,
986 424 1006 462 1
1032 427 1072 463 et
1096 437 1183 473 roqo
1204 429 1309 472 atque
1334 420 1456 463 hortor
1480 429 1538 473 ep.

225 489 286 537 20,
316 490 350 528 1.

352 554 427 592 Per
459 561 492 593 et
519 555 682 603 denique
709 555 952 605 conligantur
977 566 1157 605 praesens
1183 559 1223 595 et
1247 555 1419 595 futurum
1444 554 1540 594 eius·

224 619 309 658 dem
337 618 442 658 verbi
466 630 523 668 ep.
548 620 609 669 61,
637 621 662 658 4
686 623 828 677 videtur
853 626 887 659 et
911 634 1049 668 semper
1074 624 1273 668 &debitum
1308 618 1472 660 activ‘um
1499 622 1540 659 et

224 684 417 733 passivum
452 695 573 733 genus
598 696 634 723 n,
663 695 698 732 q.
724 685 778 724 IV
807 687 866 731 11,
892 687 915 724 2
941 690 1034 725 inter
1058 700 1095 725 se
1116 690 1307 725 vincuntur
1329 691 1363 725 d
1385 690 1538 725 veneunt.

224 748 350 789 Dubia
374 754 502 789 autem
530 751 591 791 est
612 750 721 790 lectio
747 750 796 790 di.
813 751 852 790 ΙΙ
879 751 913 798 7,
941 752 961 790 1
988 755 1207 791 ahiham
1230 758 1263 791 et
1290 755 1536 797 aasabim,

223 825 310 854 cum
337 820 370 853 et
391 814 431 853 in
456 815 585 854 codice
607 816 640 854 A
668 827 785 864 supra
809 815 950 855 lineam
976 817 1159 866 scriptum
1188 816 1250 856 sit.

852 1012 919 1051 111.

349 1084 583 1125 Accedamus
608 1087 657 1125 ad
685 1087 839 1125 nomina
865 1091 904 1126 et
928 1087 1094 1135 primum
1117 1086 1270 1134 quidem
1296 1085 1346 1125 ad
1363 1086 1536 1126 substan-

222 1151 312 1189 tiva.
364 1150 563 1190 Rationem
600 1162 699 1200 quae
736 1152 836 1191 inter
867 1152 962 1191 duas
996 1152 1095 1190 tales
1128 1150 1301 1191 notiones
1326 1150 1538 1191 intercedat

222 1215 286 1263 qui
313 1219 490 1256 accurate
516 1216 692 1255 aestimet
717 1220 757 1255 et
781 1216 1005 1266 perpendat,
1033 1215 1318 1265 quadruplicem
1343 1226 1427 1256 eam
1454 1226 1538 1257 esse

221 1280 374 1320 videbit.
426 1282 504 1320 Aut
540 1282 642 1320 enim
669 1282 883 1321 contrariae
911 1282 1011 1320 inter
1032 1293 1074 1321 se
1100 1285 1191 1321 sunt
1215 1292 1278 1322 res
1303 1281 1538 1330 designatae,

223 1349 267 1386 ut
291 1351 365 1387 vita
389 1360 523 1396 noxque
548 1346 583 1387 d.
613 1347 645 1386 b.
661 1347 720 1387 ΠΙ
747 1348 806 1395 23,
834 1348 869 1395 3,
896 1349 965 1387 aut
990 1358 1102 1396 pares
1133 1347 1235 1386 inter
1250 1357 1291 1387 se
1310 1346 1369 1386 vel
1385 1346 1537 1394 similes,

220 1418 265 1451 ut
294 1416 493 1451 adsectator
524 1426 702 1461 comesque
736 1413 785 1451 di.
813 1413 869 1451 IX
897 1414 929 1459 1,
957 1414 997 1458 8,
1030 1418 1215 1460 principes
1245 1425 1410 1462 reyeeque
1434 1412 1469 1452 d.
1489 1412 1537 1451 cl.

219 1476 257 1516 11
285 1478 318 1523 1,
347 1478 382 1524 3,
419 1481 488 1516 aut
512 1477 696 1525 diversae,
728 1478 782 1517 ita
807 1481 947 1525 tamen,
974 1480 1018 1516 ut
1041 1477 1198 1516 tertium
1225 1477 1414 1526 cogitetur
1434 1476 1536 1526 quod

220 1542 268 1581 ad
308 1544 511 1591 utramque
536 1543 745 1592 pertineat,
782 1546 826 1582 ιιι
851 1547 928 1582 ursi
952 1546 1133 1590 leonesque
1157 1542 1206 1581 di.
1228 1542 1260 1581 V
1278 1543 1339 1590 30,
1366 1542 1399 1590 l,
1426 1545 1539 1581 barba

219 1610 436 1655 capitumque
473 1607 522 1645 di.
548 1603 605 1646 XI
633 1608 691 1654 17,
719 1609 761 1656 5,
801 1618 900 1655 quae
938 1607 1082 1657 species
1115 1611 1206 1646 sunt
1234 1606 1347 1646 unius
1373 1606 1533 1655 generis,

219 1675 301 1711 aut>
325 1682 483 1720 prorsus
524 1672 710 1720 diversae,
752 1676 795 1711 ιιι
834 1676 925 1719 duas
962 1685 1089 1711 causas
1118 1690 1169 1699 —
1198 1674 1305 1710 solem
1340 1674 1533 1719 numque

220 1747 256 1775 n.
283 1748 320 1786 q.
346 1737 365 1776 1
390 1738 426 1784 3,
456 1738 514 1776 14.

345 1801 522 1841 Omnium
549 1804 701 1851 quidem
728 1803 863 1843 horum
891 1813 1072 1853 generum
1101 1802 1222 1841 multa
1249 1801 1344 1851 legis
1359 1801 1536 1851 exempla

221 1867 324 1915 apud
362 1866 544 1907 Senecam
587 1880 656 1907 nec
693 1872 821 1908 tamen
861 1868 1028 1913 omnium
1062 1878 1193 1916 parem
1229 1877 1440 1906 numerum.
1491 1866 1536 1906 Id

221 1931 320 1971 enim
357 1932 458 1982 quod
497 1933 534 1971 in
573 1932 727 1983 fastigio
765 1933 984 1982 partitionis
1016 1933 1216 1982 posuimus
1247 1942 1385 1981 genus,
1423 1932 1536 1981 longe

221 2000 376 2045 superat
410 2000 548 2037 cetera.
601 1998 822 2037 Proximum
862 1998 910 2037 ab
946 2009 991 2037 eo
1017 2000 1075 2037 est
1099 2007 1220 2047 genus
1246 1996 1446 2036 verborum
1473 2006 1536 2035 co-

221 2061 537 2110 gnominatorum.
598 2061 787 2107 Quartum
825 2061 888 2099 ubi
927 2075 995 2108 que
1028 2072 1157 2099 merae
1181 2061 1458 2109 enumerationi
1482 2061 1536 2099 in-

221 2126 352 2172 servit,
388 2138 474 2167 cum
512 2128 638 2167 minus
663 2130 850 2175 congruat
874 2138 962 2167 cum
987 2126 1219 2167 devinciendi
1240 2125 1426 2166 facultate
1440 2124 1534 2174 ,eius

220 2190 447 2239 particulae,
487 2195 550 2231 sat
583 2193 758 2242 angustis
784 2192 960 2231 cancellis
986 2194 1193 2231 coercetur.
1244 2190 1319 2230 Sed
1345 2192 1390 2229 ut
1418 2190 1533 2229 etiam

216 2255 491 2304 particularum
529 2263 562 2296 et
593 2261 631 2297 et
657 2263 761 2305 atque
786 2255 866 2305 (ac)
891 2256 1077 2296 rationem
1106 2255 1359 2304 delineemus,
1393 2266 1441 2295 ne
1472 2255 1535 2296 his

218 2316 371 2369 quidem
397 2321 524 2362 varius
556 2322 620 2361 ille
651 2333 744 2362 usus
773 2322 983 2370 denegatus
1009 2324 1086 2369 est3
1124 2323 1296 2360 attamen
1321 2327 1389 2368 que
1413 2321 1534 2369 parti-

218 2386 342 2425 culam
376 2385 608 2434 frequentari
643 2386 744 2435 apud
772 2386 953 2426 Senecam
977 2386 1015 2425 in
1037 2384 1309 2436 coniungendis
1329 2386 1531 2427 contrariis

216 2451 444 2496 notionibus,
475 2451 545 2491 hoc
569 2462 721 2501 quoque
746 2452 1070 2493 substantivorum
1096 2462 1234 2503 genere
1252 2452 1530 2502 comprobatur.

217 2515 358 2556 Infiniti
384 2518 515 2557 autem
542 2518 665 2566 operis
692 2521 794 2558 esset
809 2528 942 2557 omnes
958 2517 1061 2557 locos
1078 2517 1314 2567 perlustrare
1330 2521 1371 2557 et
1387 2517 1427 2557 in
1438 2528 1528 2559 con-
