1735 2760
838 140 888 185 34

325 264 383 303 Ad
410 265 670 316 componenda
708 266 783 305 duo
816 267 999 315 gravioris
1035 263 1168 305 sensus
1204 266 1389 307 adiectiva
1423 271 1526 313 atque

203 341 317 379 saepe
343 330 511 369 adhiberi
541 331 720 370 diximus.
775 331 882 370 Hanc
903 332 1023 381 ipsam
1045 332 1091 384 ob
1110 342 1262 371 causam
1288 332 1418 371 eadem
1438 343 1525 381 par-

201 395 319 434 ticula
358 388 520 434 duorum
545 396 866 444 superlativorum
897 397 1146 435 coniunctioni
1188 407 1280 445 prae
1306 398 1444 437 ceteris
1470 398 1525 435 in-

205 461 324 501 servit
363 472 432 501 nec
464 472 560 511 *casu
599 462 638 501 id
675 461 816 501 factum
852 472 937 502 esse
973 462 1060 502 inde
1100 472 1250 510 quoque
1276 461 1523 510 concluditur,

203 526 304 573 quod
332 515 397 565 1110
419 527 518 565 vocis
539 532 642 574 atque
668 538 760 566 usus
789 528 823 565 in
849 528 903 565 eis
930 528 1162 575 potissimum
1183 527 1349 566 Senecae
1374 528 1525 576 scriptis

205 590 431 631 observatur
456 592 494 630 in
510 586 646 641 quibus
673 598 706 630 et
722 592 893 631 abundat
908 592 1179 640 rarissimeque
1197 596 1346 632 ceterae
1366 593 1525 642 copulae

203 656 399 704 adparent.
453 656 527 695 Sed
563 660 607 695 ut
649 656 753 705 prius
793 657 923 706 plenos
958 668 1134 697 numeros
1167 658 1266 708 dem,
1297 663 1340 705 et,
1367 658 1398 697 si
1424 660 1526 696 recte

203 722 431 770 computavi,
461 722 510 760 24
536 722 638 770 locis,
666 737 731 770 que
757 724 816 771 33,
845 737 887 762 ae
913 724 974 768 35,
1008 729 1109 771 atque
1146 723 1169 761 5
1205 722 1297 762 locis
1324 722 1525 762 invenitur.

205 786 249 824 In
276 788 496 827 universum
524 799 614 837 ergo
634 803 677 828 ac
703 789 928 836 particulam
952 790 1071 828 multo
1097 789 1278 828 rariorem
1300 800 1383 829 esse
1408 800 1523 837 quam

204 857 237 890 et
263 855 303 891 et
327 866 393 899 que
418 853 483 900 qui
508 864 583 891 non
610 853 830 901 neglexerit,
860 865 908 892 ex
934 854 1108 893 instituto
1142 853 1285 893 factum
1312 855 1450 900 credet,
1480 857 1525 892 ut

204 917 243 955 in
270 917 486 957 huiusmodi
512 918 711 958 sententiis
742 919 872 958 eadem
908 919 1098 967 particula
1128 919 1288 958 istarum
1322 907 1522 958 numerum

208 983 379 1021 excedat.
436 982 508 1021 Sed
546 986 591 1021 ut
623 984 671 1022 ad
697 984 838 1032 scripta
865 984 930 1022 illa
957 988 1138 1030 revertar,
1179 986 1215 1023 in
1243 984 1427 1033 Epistulis
1467 988 1526 1024 est

205 1046 296 1086 locis
322 1047 470 1087 obviam

327 1114 350 1151 6
376 1118 409 1151 et
473 1114 506 1161 1,
535 1115 571 1152 3.
609 1115 669 1162 76,
697 1115 755 1152 29.
797 1115 856 1160 81,
882 1115 941 1152 82.
980 1115 1039 1161 84,
1068 1115 1125 1153 12.
1168 1115 1251 1161 109,
1275 1115 1331 1153 16.
1362 1115 1445 1162 123,
1464 1116 1521 1153 16.

324 1180 347 1217 8
376 1193 441 1227 que
468 1180 528 1227 31,
560 1181 617 1219 10.
664 1181 723 1228 60,
752 1181 787 1219 3.
825 1181 884 1227 67,
913 1181 947 1219 6.
987 1180 1045 1227 72,
1077 1181 1132 1219 11.
1178 1181 1238 1230 81,
1266 1181 1325 1219 22.
1375 1181 1434 1228 87,
1462 1181 1522 1219 41.

468 1246 528 1295 91,
562 1247 620 1285 15.
669 1247 752 1293 117,
783 1247 840 1284 12.

294 1309 340 1346 16
377 1323 418 1347 ac
472 1311 530 1358 18,
558 1311 592 1348 5.
646 1312 705 1357 33,
736 1312 769 1349 7.
821 1312 880 1357 58,
907 1312 966 1350 33.
1006 1312 1065 1357 66,
1095 1312 1127 1349 1.
1168 1312 1228 1356 66,
1256 1312 1316 1349 35.
1377 1312 1435 1357 66,
1463 1311 1524 1348 47.

470 1375 529 1423 67,
560 1377 618 1414 12.
664 1377 723 1423 81,
752 1377 811 1414 20.
856 1377 916 1423 83,
944 1377 979 1414 9.
1027 1376 1087 1424 83,
1117 1376 1174 1414 19.
1213 1376 1273 1423 87,
1305 1376 1361 1414 15.
1402 1376 1462 1422 88,
1489 1376 1524 1413 2.

448 1440 530 1492 >90,
559 1441 619 1479 25.
657 1441 718 1487 95,
746 1442 805 1478 21.
844 1441 904 1487 95,
928 1441 988 1480 49.
1028 1441 1088 1489 95,
1113 1441 1172 1478 72.

326 1509 429 1552 atque
467 1505 529 1553 58,
556 1506 616 1544 31.

322 1570 368 1609 In
391 1570 494 1609 libris
523 1571 571 1609 de
590 1570 780 1611 beneficiis
808 1572 941 1610 eadem
967 1571 1070 1610 valet
1106 1571 1214 1619 ratio,
1241 1575 1379 1609 namet
1395 1571 1418 1607 2
1435 1572 1517 1608 tan-

202 1638 285 1675 tum
312 1636 404 1675 locis
433 1637 561 1674 exstat
585 1634 640 1673 IV
669 1635 726 1681 18,
755 1636 777 1672 2
805 1638 843 1673 et
867 1634 923 1673 VI
949 1635 1008 1680 33,
1037 1635 1071 1672 4.

325 1702 349 1739 5
376 1715 441 1748 que
466 1701 486 1739 Ι
515 1701 549 1748 1,
572 1702 607 1738 2.
651 1700 691 1738 II
721 1701 777 1746 18,
806 1701 839 1738 2.
884 1701 913 1738 V
941 1700 999 1746 12,
1028 1700 1062 1738 6.
1105 1699 1180 1738 VII
1207 1700 1241 1745 3,
1268 1700 1302 1737 2.
1332 1699 1406 1738 VII
1431 1698 1466 1745 9,
1490 1699 1526 1736 2.

324 1766 348 1803 9
373 1779 415 1804 ac
466 1765 507 1803 II
535 1765 593 1811 10,
620 1765 654 1803 4.
707 1764 767 1802 III
793 1765 828 1811 3,
858 1765 890 1802 1.
942 1764 1002 1802 III
1031 1765 1088 1809 17,
1117 1765 1151 1801 2.
1207 1763 1268 1801 III
1297 1764 1357 1810 33,
1384 1764 1418 1801 2.
1466 1762 1525 1799 III

470 1831 530 1869 34.
569 1829 623 1868 IV
649 1830 683 1876 7,
714 1831 746 1867 1.
784 1830 838 1868 IV
865 1830 900 1876 9,
930 1830 962 1868 1.
1004 1829 1037 1867 V
1069 1829 1126 1876 17,
1156 1830 1189 1867 1.
1232 1827 1287 1868 VI
1316 1829 1374 1876 10,
1402 1829 1436 1867 2.

325 1898 467 1944 2atque
480 1895 542 1933 III
568 1896 603 1940 5,
630 1896 665 1932 2.
702 1894 756 1932 IV
783 1895 844 1941 32,
871 1895 905 1932 3.

327 1960 434 2007 Quae
459 1960 497 1999 in
524 1960 595 1999 hoc
622 1970 779 1998 numero
797 1959 900 1998 haud
924 1969 1011 1997 raro
1030 1961 1234 1997 occurrunt
1250 1957 1420 1996 notiones
1440 1968 1524 1996 con-

209 2027 364 2074 trariae,
391 2037 460 2075 per
485 2031 518 2064 et
531 2025 754 2064 commissae
780 2028 869 2063 sunt
897 2034 1095 2073 nusquam,
1121 2011 1189 2072 per
1216 2037 1259 2062 ae
1281 2023 1524 2072 quinquiens:

209 2096 364 2131 maoeima
401 2106 442 2130 ac
478 2095 626 2129 minima
665 2090 714 2128 di.
755 2090 810 2128 VI
840 2090 896 2137 18,
924 2091 957 2128 3.
1007 2089 1055 2127 di.
1083 2089 1160 2127 XII
1186 2089 1220 2136 8,
1250 2089 1285 2126 3.
1337 2092 1459 2135 prima
1483 2101 1525 2126 ac

206 2161 362 2196 maxima
388 2156 425 2195 d.
452 2156 487 2195 b.
514 2156 575 2195 III
602 2156 661 2194 34.
712 2159 784 2194 ima
810 2169 851 2194 ac
877 2168 1012 2194 semma
1037 2165 1098 2202 ep.
1125 2154 1185 2201 90,
1212 2153 1273 2192 25.
1301 2164 1337 2192 n.
1362 2163 1398 2200 q.
1425 2153 1466 2191 II
1490 2153 1526 2203 4,

210 2223 241 2270 1,
268 2222 332 2261 ubi
358 2236 400 2261 ac
426 2223 515 2261 ante
540 2235 559 2260 s
583 2221 817 2260 conlocatam
841 2220 1129 2259 animadvertes.
1181 2219 1411 2267 Plerumque
1437 2229 1527 2258 vero

207 2289 302 2327 haec
327 2288 443 2327 verba
470 2286 672 2327 coniuncta
699 2289 789 2326 sunt
813 2297 883 2335 per
914 2301 991 2334 que,
1018 2297 1132 2334 quam
1160 2284 1335 2334 copulam
1365 2284 1525 2324 vidimus

205 2354 329 2393 solere
355 2353 425 2393 hoc
455 2365 592 2393 munus
628 2353 827 2392 sustinere.
894 2352 954 2391 Sic
980 2365 1152 2391 summum
1186 2353 1227 2390 et
1250 2355 1357 2389 imum
1388 2353 1429 2389 et
1456 2349 1526 2387 hoc

206 2420 358 2468 quidem
403 2419 533 2458 ordine
566 2430 635 2468 per
666 2433 730 2467 que
757 2418 936 2468 copulata
970 2420 1059 2457 sunt
1090 2428 1147 2466 ep.
1182 2417 1242 2462 72,
1273 2416 1332 2455 11.
1370 2416 1431 2462 91,
1466 2415 1525 2453 15.

207 2495 243 2525 n.
269 2495 304 2534 q.
329 2484 368 2523 II
398 2485 456 2531 10,
498 2486 533 2523 2.
553 2504 562 2508 ·
584 2488 766 2523 minimum
806 2486 845 2521 et
868 2488 1059 2522 mamimwm
1094 2482 1144 2520 di.
1183 2481 1238 2520 lx
1264 2483 1299 2527 8,
1315 2482 1358 2539 .2·
1415 2480 1464 2519 di.
1492 2479 1525 2517 X

210 2551 268 2597 15,
303 2551 336 2589 2.
376 2562 411 2588 n.
440 2560 474 2597 q.
503 2550 542 2588 II
569 2550 602 2596 7,
636 2550 669 2588 2.
704 2549 739 2587 d.
767 2548 801 2588 b.
833 2548 871 2587 ΙΙ
911 2549 967 2595 18,
995 2549 1029 2587 2.
1098 2551 1147 2587 ad
1176 2551 1345 2586 maximos
1373 2550 1525 2593 imosque
