1735 2760
824 135 873 172 44

195 253 305 292 modo
332 254 529 293 coniuncta
555 257 646 292 sunt
668 265 725 304 ep.
743 256 826 301 120,
858 256 913 293 16.
942 266 977 293 n.
993 267 1027 304 q.
1045 256 1063 293 I
1082 257 1117 303 2,
1134 256 1168 293 9.
1194 254 1297 294 di.X
1324 255 1383 301 12,
1408 255 1443 292 3.
1469 250 1504 291 d.

192 319 227 357 b.
256 319 311 357 VI
337 320 396 365 31,
427 320 459 357 7.
496 320 532 357 d.
556 320 601 357 cl.
628 320 645 357 I
671 320 706 364 7,
733 321 766 358 2.
821 321 872 358 At
898 331 955 368 ep.
985 322 1043 366 52,
1075 321 1120 358 13
1147 331 1232 358 cum
1259 318 1390 368 optimi
1408 318 1505 357 codi-

192 384 245 423 cis
270 396 304 432 p.
332 383 405 422 fide
429 385 683 424 destituamur
708 397 776 424 nec
804 387 917 426 ceteri
943 387 1043 425 inter
1068 396 1109 425 se
1136 384 1385 431 consentiant,
1415 383 1504 431 quid

192 450 403 488 scribamus
429 450 465 488 in
490 451 603 489 dubio
630 451 842 490 haeremus.
894 450 1188 489 Praeferendum
1214 453 1341 488 tamen
1358 449 1508 488 videtur

193 515 294 563 quod
321 515 394 554 iam
423 515 755 564 Schweighaeuser
784 516 903 555 edidit
939 516 1113 564 quodque
1141 514 1302 563 simplici
1328 514 1415 553 stilo
1443 524 1508 563 ap-

192 579 384 619 tissimum
411 583 469 618 est
491 584 573 619 hinc
597 587 702 628 atque
724 585 823 620 illinc
951 578 961 579 7

312 649 393 683 hinc
418 652 451 684 et
475 650 574 684 illinc
598 657 656 694 ep.
686 648 745 693 13,
774 648 813 695 1;
840 651 920 684 hinc
946 650 1043 684 illine
1069 645 1118 684 di.
1147 646 1219 684 VII
1247 647 1307 693 25,
1336 647 1371 684 3.

313 715 393 749 hine
421 717 453 749 et
477 715 560 750 inde
587 722 622 750 n.
648 723 683 760 q.
712 711 771 750 III
802 713 857 759 16,
886 713 920 750 4.

313 779 379 814 huc
404 782 436 814 et
460 780 544 815 illuc
571 776 605 815 d.
631 776 665 814 b.
680 776 731 814 VI
757 778 791 821 2,
820 778 854 814 2.
893 787 949 825 ep.
963 776 1021 822 74,
1050 777 1083 814 3.
1122 775 1218 813 di.X
1245 776 1278 822 7,
1309 777 1365 814 10.
1407 776 1455 814 di.
1472 776 1507 814 X

246 841 304 889 12,
331 842 364 878 6.
407 852 442 879 n.
471 852 505 888 q.
533 841 584 879 VI
610 843 672 886 23,
697 843 731 879 4.

313 909 379 944 huc
405 911 508 953 atque
533 909 618 944 illuc
644 906 691 944 di.
719 906 792 944 XII
821 907 877 953 11,
907 906 941 944 7.
981 917 1039 954 ep.
1067 907 1128 953 56,
1155 906 1188 944 7.
1230 916 1287 953 ep.
1314 906 1375 953 90,
1403 906 1461 943 24,

314 975 380 1011 huc
405 976 491 1011 illuc
517 972 551 1010 d.
577 971 612 1010 b.
638 972 672 1011 V
699 973 757 1019 25,
786 973 819 1010 5.
863 983 920 1020 ep.
948 973 1007 1019 28,
1034 973 1068 1010 3.

314 1037 441 1075 Tertia
485 1037 649 1076 formula
689 1037 736 1075 ab
780 1049 908 1076 errore
948 1037 1134 1076 editorum
1179 1036 1401 1075 vindicanda
1441 1041 1508 1076 est.

196 1102 292 1140 Miro
332 1103 431 1141 enim
471 1103 581 1141 modo
606 1102 821 1150 ubieunque
847 1108 910 1142 hoc
939 1105 978 1141 et
1005 1107 1067 1142 illo
1094 1103 1291 1142 coniuncta
1317 1103 1509 1151 leguntur,

195 1168 359 1216 genuina
381 1167 453 1207 hac
479 1170 596 1217 atque
624 1168 813 1207 tralaticia
839 1168 998 1207 lectione
1021 1168 1162 1207 reiecta
1187 1167 1322 1206 falsam
1346 1166 1508 1205 formam

194 1237 261 1271 huc
299 1233 464 1272 Senecae
503 1233 767 1281 adsignarunt.
844 1234 994 1272 Primus
1035 1233 1203 1272 codicum
1243 1231 1509 1271 auctoritatem

194 1297 365 1337 defendit
405 1298 581 1337 Gertzius
607 1300 641 1337 d.
667 1299 702 1337 b.
732 1299 763 1336 V
791 1300 825 1346 6,
853 1300 888 1345 5,
926 1299 1039 1347 plura
1078 1299 1191 1337 huius
1222 1304 1312 1337 usus
1339 1297 1512 1345 exempla

196 1372 236 1399 se
262 1360 401 1398 vidisse
438 1361 475 1398 in
515 1361 760 1400 adnotatione
800 1362 954 1400 addens.
1006 1362 1083 1400 Nec
1125 1361 1195 1400 ulli
1236 1362 1511 1401 dubitationem

193 1436 455 1463 remansuram
493 1429 586 1473 puto
622 1426 685 1473 qui
717 1426 818 1465 hunc
843 1437 1041 1464 numerum
1068 1427 1335 1474 pet-censuerit.
1388 1425 1510 1464 Naza-

194 1490 289 1528 riani
330 1491 447 1538 igitur
483 1492 619 1530 codicis
660 1492 872 1530 testimonio
909 1492 1114 1530 adiuvatur
1152 1491 1263 1530 lectio
1294 1496 1356 1531 hoc
1393 1498 1426 1531 et
1451 1495 1511 1531 illo

194 1556 229 1594 d.
258 1556 291 1594 b.
321 1556 353 1594 V
383 1557 417 1602 6,
445 1558 480 1595 5.
534 1557 629 1595 Item
658 1562 719 1596 hoc
744 1564 775 1596 et
798 1562 858 1595 illo
888 1557 981 1595 adeo
1007 1568 1135 1595 omnes
1163 1557 1311 1595 codices
1333 1556 1510 1595 exhibere

196 1622 287 1662 dicit
313 1623 514 1662 Fickertus
546 1635 602 1671 ep.
631 1624 691 1671 84,
719 1625 752 1662 2.

314 1691 378 1725 hoc
413 1693 517 1734 atque
550 1692 611 1725 illo
648 1691 707 1726 est
743 1699 777 1725 n.
807 1698 839 1734 q.
870 1688 921 1725 VI
951 1690 1008 1733 14,
1036 1690 1071 1725 4.
1097 1698 1170 1736 quo
1203 1690 1285 1726 loco
1321 1688 1411 1726 licet
1439 1698 1512 1725 non

246 1753 356 1800 plene
381 1757 593 1800 congruant
618 1752 648 1791 B
679 1756 718 1791 et
746 1753 787 1799 E,
817 1753 853 1790 in
876 1757 940 1791 Ιιοο
966 1756 1092 1791 tamen
1119 1753 1329 1800 concinunt,
1358 1752 1389 1790 E
1411 1753 1510 1791 enim

249 1817 409 1865 praebet
434 1821 498 1856 hoc
524 1823 627 1864 atque
652 1821 725 1861 illo,
755 1817 782 1854 B
808 1821 871 1855 hoc
897 1823 1000 1864 atque
1026 1821 1120 1856 illuc.

314 1882 434 1929 Opem
472 1885 672 1929 praeterea
709 1881 814 1919 nobis
840 1880 970 1919 ferunt
997 1881 1067 1920 loci
1093 1882 1180 1929 duo,
1206 1893 1241 1920 n.
1271 1893 1306 1929 q.
1333 1882 1371 1920 II
1400 1883 1459 1928 11,
1486 1883 1509 1920 2

194 1953 256 1986 aut
281 1952 345 1986 hoc
369 1953 430 1985 aut
455 1951 528 1991 villo,
553 1951 596 1985 ut
622 1948 658 1984 in
685 1946 717 1984 E
745 1949 784 1984 et
802 1946 843 1993 B,
871 1950 910 1985 et
928 1957 963 1984 n.
983 1957 1017 1994 q.
1038 1946 1071 1985 V
1093 1947 1125 1995 1,
1153 1948 1172 1984 1
1196 1961 1307 1994 neque
1322 1951 1384 1986 hoc
1400 1960 1510 1994 neque

193 2017 264 2058 illo,
293 2016 336 2051 ut
363 2013 399 2050 in
427 2012 459 2050 Ε
484 2013 637 2060 legitur,
664 2015 797 2050 contra
825 2013 855 2049 B
885 2012 1000 2050 habet
1028 2026 1090 2050 nec
1114 2016 1177 2051 hoc
1203 2025 1265 2050 nec
1290 2015 1363 2050 illo.

316 2077 373 2117 Ne
407 2078 502 2116 illud
536 2078 687 2125 quidem
716 2088 785 2126 ego
813 2077 1091 2116 adfirmaverim
1119 2081 1182 2116 hoc
1206 2076 1367 2116 formam
1393 2087 1512 2116 remo-

195 2145 354 2182 vendam
398 2155 480 2182 esse
522 2143 584 2181 ubi
623 2144 805 2181 auxilium
842 2154 916 2181 non
942 2144 1073 2193 capiat
1102 2154 1149 2181 ex
1176 2144 1306 2182 addito
1332 2142 1514 2181 vocabulo

196 2209 325 2248 altero.
403 2208 500 2247 Nam
541 2209 714 2257 quamvis
754 2219 790 2245 n.
818 2218 853 2255 q.
881 2208 957 2246 VII-
981 2209 1046 2255 21,
1078 2209 1102 2246 4
1135 2208 1318 2246 traditum
1360 2207 1410 2245 sit
1448 2211 1514 2245 huc

194 2280 313 2322 itaque
339 2278 525 2319 descendit,
554 2278 592 2312 et
619 2285 654 2311 n.
682 2285 717 2322 q.
745 2273 801 2311 III
829 2274 886 2320 18,
915 2275 938 2312 3
966 2278 1032 2313 huc
1056 2277 1255 2320 adferatur,
1283 2276 1412 2312 tamen
1437 2276 1510 2319 hoc,

194 2351 269 2379 non
294 2344 360 2379 hue
388 2340 425 2378 in
450 2339 558 2379 codd.
587 2343 647 2378 est
675 2339 722 2376 di.
750 2338 802 2377 VI
832 2339 889 2384 11,
918 2341 940 2376 2
965 2343 1029 2378 hoc
1049 2342 1159 2383 vadit,
1188 2339 1353 2386 itemque
1379 2337 1428 2376 di.
1455 2337 1510 2375 IX

194 2407 229 2451 9,
250 2407 274 2444 6
301 2409 478 2444 honestius
494 2410 558 2444 hoc
572 2404 615 2454 (i.
631 2416 662 2443 e.
679 2405 716 2443 in
734 2404 1006 2453 comparandos
1020 2404 1151 2452 libros)
1164 2418 1201 2443 se
1218 2408 1396 2452 impensae
1409 2417 1515 2451 quam
1567 2444 1581 2447 -

192 2476 230 2509 in
257 2473 441 2509 Corinthia
465 2474 649 2517 pictasque
680 2473 818 2509 tabulas
849 2473 1046 2516 effuderint.
1103 2469 1255 2518 Optime
1290 2468 1440 2517 quidem
1476 2482 1513 2508 se
