1735 2760
846 148 896 185 24

344 267 436 304 item
455 277 561 315 pron.
577 277 674 314 poss.
693 268 733 303 et
752 265 977 305 adiectivum
995 268 1194 312 publicum:
1209 277 1311 303 suum
1322 266 1533 310 publicum.

218 334 371 369 dolorem
397 330 444 369 di.
471 331 530 370 ΙΙΙ
559 331 679 377 11,»7.
707 330 817 369 di.VI
845 330 902 377 11,
932 330 967 368 1.
983 340 1042 378 ep.
1057 329 1117 376 89,
1134 329 1193 367 18.

339 394 447 434 Mera
473 395 658 434 adiectiva
683 398 772 433 suut
787 398 979 433 humanum
1003 398 1193 441 divinum.
1220 405 1279 441 ep.
1307 394 1367 440 88,
1395 394 1455 432 35.
1475 403 1533 441 ep.

222 461 306 507 120,
337 461 394 498 14.
420 460 470 498 di.
497 460 537 497 II
562 461 596 505 6,
626 461 660 498 8.
685 463 793 498 iratis
818 463 875 498 dis
896 463 1100 506 propitiisq.
1128 469 1164 497 n.
1180 468 1216 505 q.
1244 458 1282 497 11
1307 458 1367 504 59,
1394 458 1429 497 4.
1464 457 1534 497 His

218 525 391 564 adscribe
417 525 465 563 di.
496 524 549 563 VI
574 525 633 570 21,
663 525 698 562 3.
721 523 769 562 di.
796 523 870 562 VII
894 524 929 569 4,
959 524 994 562 2.
1021 523 1070 561 di.
1097 522 1191 562 VIII
1215 523 1250 569 4,
1280 523 1311 561 1.
1338 522 1388 561 di.
1415 522 1469 561 IX
1498 523 1530 568 1,

221 591 279 628 11.
307 590 356 629 di.
384 589 438 628 IX
464 590 499 635 8,
527 591 563 628 2.
589 589 639 628 di.
663 589 720 627 IX
749 590 807 635 11,
836 590 871 627 3.
900 588 948 627 di.
976 588 1033 627 IX
1058 589 1116 635 11,
1144 588 1180 626 8.
1206 588 1255 626 di.
1274 587 1309 626 X
1337 588 1395 635 15,
1423 589 1458 626 2.
1483 586 1533 627 di.

218 655 294 693 XII
323 655 380 701 11,
410 655 445 693 7.
471 666 508 693 n.
536 665 572 702 q.
599 655 619 692 Ι
643 655 701 692 10.
727 665 764 692 n.
792 654 827 701 (1.
853 654 929 692 VII
953 654 1013 700 25,
1040 654 1075 692 5.

338 719 457 758 Plura
482 719 596 757 huius
621 719 769 766 generis
795 719 968 768 exempla
1000 719 1038 757 in
1064 718 1200 766 quibus
1224 724 1329 765 atque
1363 717 1536 756 adhibuit

220 784 383 832 scriptor
408 787 540 833 postea
565 783 825 828 indicabimus,
862 786 1011 822 constat
1044 786 1172 821 tamen
1206 783 1277 822 sibi
1304 783 1465 831 scriptor
1496 782 1534 821 in

220 849 487 897 componendis
511 849 705 888 adiectivis
732 852 896 887 dextrum
927 852 967 887 et
992 852 1177 888 sinistrum
1208 847 1267 887 vel
1298 852 1432 888 laevom
1467 857 1535 896 per
1573 849 1575 852 ”

220 929 296 962 que.
349 913 409 952 Sic
434 914 577 962 legitur
594 927 703 952 cornu
720 916 884 952 daz-tram
901 917 1072 960 laevum.
1094 912 1142 951 di.
1170 912 1225 951 IX
1250 914 1287 962 3,
1312 913 1347 951 5.
1373 916 1535 951 dextrum

220 982 417 1026 auspic-im
440 982 655 1025 sinistrmnq.
683 989 719 1016 n.
746 988 783 1025 q.
807 978 846 1016 Π
872 979 931 1024 32,
960 979 995 1016 3.
1020 981 1056 1016 d.
1082 981 1249 1024 laevamq.
1275 982 1415 1024 pam
1442 988 1478 1015 n.
1498 987 1534 1024 q.

220 1043 294 1081 VII
317 1044 377 1091 21,
405 1044 438 1081 2.
465 1046 592 1082 dextra
618 1047 753 1090 laevaq.
779 1054 814 1081 n.
843 1053 880 1090 q.
905 1041 957 1080 IV
983 1043 1076 1089 2,(8.
1128 1045 1253 1081 ἀεωινα
1283 1045 1464 1089 sinisii-aq.
1496 1053 1533 1080 n.

220 1119 256 1154 q.
285 1108 339 1146 VI
367 1108 403 1152 6,
428 1108 464 1145 2.

345 1171 397 1210 At
423 1171 523 1210 hunc
546 1175 779 1220 postremum
804 1171 929 1211 locum
945 1182 1028 1210 cnm
1055 1171 1146 1209 vitio
1164 1170 1311 1209 laboret
1326 1169 1533 1209 describam

221 1214 260 1276 et
295 1238 351 1276 ita
378 1237 532 1284 quidem
558 1241 603 1276 ut
625 1236 747 1276 fertur
770 1237 806 1275 in
834 1237 959 1277 codice
982 1236 1016 1275 E
1040 1241 1129 1277 sicut
1157 1240 1198 1275 in
1225 1239 1378 1284 naviyiis
1402 1250 1536 1284 quoque

220 1306 332 1340 evenit
356 1307 396 1340 ut
420 1306 454 1339 si
478 1305 651 1341 inclinata
676 1308 757 1340 swnt
782 1308 816 1340 et
839 1306 1002 1341 abierunt
1025 1306 1064 1340 in
1089 1306 1182 1340 zatus
1206 1315 1334 1348 aquam
1359 1305 1534 1348 sorbeant,

220 1380 308 1414 quae
334 1371 373 1405 in
400 1371 493 1405 omni
519 1380 664 1405 onerum
689 1380 819 1411 eorum,
854 1379 943 1414 quae
967 1370 1071 1411 vehit,
1106 1370 1139 1404 si
1170 1369 1341 1404 esmodioe
1371 1369 1537 1412 depressa

219 1436 314 1475 sunt,
338 1435 401 1469 aut
425 1433 702 1477 superfunditur
728 1436 790 1469 aut
813 1435 905 1469 certe
927 1434 1056 1469 dextra
1071 1434 1287 1477 sinistraque
1307 1432 1409 1469 solito
1424 1433 1538 1478 magis

218 1499 343 1542 suryit.
396 1495 538 1533 Vitium
573 1495 674 1542 quod
706 1496 746 1533 in
772 1495 897 1535 verbis
922 1499 1018 1533 omni
1043 1509 1186 1534 onerum
1212 1496 1333 1534 latere
1369 1494 1535 1535 Haasius

220 1559 392 1608 adposito
418 1559 600 1598 asterisco
633 1559 823 1606 indicavit,
858 1559 913 1598 ita
946 1559 993 1598 H.
1028 1559 1067 1598 C.
1100 1559 1297 1598 Michaelis
1330 1559 1370 1597 in
1403 1558 1538 1598 Philol.

220 1624 293 1663 vol.
320 1624 379 1662 IX
412 1635 449 1672 p.
486 1625 559 1662 345
593 1624 727 1662 tollere
760 1624 830 1662 sibi
865 1625 969 1663 visus
1000 1630 1060 1664 est
1090 1627 1135 1662 ut
1166 1624 1348 1663 scriberet
1378 1637 1468 1671 quae
1500 1628 1540 1662 in

221 1695 314 1730 omni
327 1695 573 1730 onerariarum
589 1704 707 1729 eorum
725 1691 790 1739 (sc.
811 1690 1075 1740 navigiorum),
1102 1700 1176 1729 non
1195 1700 1314 1730 onera
1337 1690 1403 1729 sed
1421 1700 1539 1730 naves

220 1762 303 1795 esse
341 1767 438 1803 quae
463 1757 727 1804 deprimantur
762 1760 881 1802 ratus,
917 1756 1023 1804 quasi
1049 1767 1124 1795 non
1154 1756 1236 1795 iure
1270 1766 1387 1795 naves
1419 1766 1535 1796 onera

219 1820 404 1859 dicantur.
473 1820 620 1860 Deinde
647 1821 772 1861 nescio
799 1831 865 1859 cur
894 1821 994 1869 quod
1020 1831 1167 1861 summo
1193 1821 1276 1859 iure
1301 1821 1349 1860 de
1374 1820 1537 1871 navigiis

219 1886 258 1923 in
285 1885 502 1923 universum
530 1885 667 1923 dixerit
693 1885 845 1930 Seneca,
874 1888 963 1933 post
987 1885 1033 1923 de
1061 1885 1244 1924 onerariis
1283 1888 1434 1923 tantum
1461 1885 1538 1925 dic-

220 1954 304 1990 tum
334 1951 436 1989 velit.
489 1950 645 1989 Accedit
683 1950 784 1998 quod
823 1950 890 1989 illa
928 1950 1144 1990 coniectura
1181 1950 1302 1991 falsus
1339 1950 1535 1999 genetivus

220 2015 434 2063 partitivus‚
463 2015 503 2053 in
528 2026 603 2062 quo
627 2015 810 2054 Haasium
839 2015 1007 2055 haesisse
1030 2015 1174 2065 opinor,
1200 2015 1398 2064 repetitur.
1443 2013 1538 2054 Mihi

219 2080 372 2129 quidem
398 2079 513 2119 verba
539 2083 578 2118 in
603 2084 697 2118 omni
722 2079 744 2102 *
768 2094 898 2126 eorum,
932 2094 1022 2129 quae
1046 2084 1138 2119 vehit
1169 2080 1336 2120 indicare
1362 2080 1539 2120 videntur

219 2145 390 2184 additum
429 2145 571 2193 aliquid
611 2144 728 2185 fuisse
771 2156 846 2193 quo
885 2148 969 2185 tota
1004 2146 1192 2186 sententia
1230 2144 1538 2194 amplificaretur.

221 2210 315 2249 Tale
340 2210 554 2259 Madvigius
580 2221 730 2259 quoque
758 2211 997 2258 desideravit,
1027 2212 1092 2259 qui
1119 2211 1233 2250 aliam
1266 2216 1397 2252 tamen
1421 2223 1538 2263 quam

220 2287 290 2324 ego
317 2276 416 2315 viam
445 2277 636 2324 ingressus
667 2281 881 2316 ceterorum
914 2277 1085 2317 codicum
1110 2277 1321 2326 scipturam
1356 2283 1454 2318 oneri
1477 2278 1537 2319 vel

221 2355 323 2380 <mere
357 2345 401 2380 ut
433 2341 583 2380 inanem
618 2341 949 2391 interpolationem
984 2342 1148 2381 abiciens
1179 2342 1237 2381 ite¹
1273 2342 1383 2382 scribi
1419 2343 1541 2383 voluit

221 2420 311 2454 quae
334 2411 521 2454 impatiens
534 2421 680 2446 onerum
697 2421 815 2447 eorum
841 2418 902 2447 me
929 2418 1004 2446 non
1032 2408 1228 2456 probante,
1262 2418 1349 2447 cum
1374 2408 1486 2448 nimis
1514 2420 1537 2447 a

220 2472 385 2511 traditae
411 2472 582 2511 lectionis
611 2472 777 2519 vestigiis
799 2473 979 2512 recedant
1006 2473 1132 2512 verba.
1200 2471 1260 2511 Ne
1284 2483 1355 2522 ego
1380 2473 1533 2522 quidem

218 2535 451 2577 defenderim
492 2535 720 2585 scripturam
756 2540 797 2576 in
830 2540 925 2576 omni
965 2550 1068 2576 onere
1106 2551 1235 2583 eorum,
1273 2538 1412 2589 quippe
1436 2548 1537 2588 quae
