1735 2760
786 397 966 446 VITA.

324 598 470 641 >Natus
496 611 579 640 sum
608 599 802 641 ,Iohannes
832 599 1074 640 Hei-mannus
1100 598 1312 641 Ludovicus
1337 599 1535 640 Klsmmer

230 665 530 705 Neomonasterii
560 666 754 722 Holsatiae
777 665 816 705 in
851 665 986 715 oppido
1019 676 1118 706 anno
1143 666 1180 705 h.
1215 676 1244 705 s.
1276 665 1367 704 LIII
1393 665 1454 705 die
1476 666 1535 705 III

224 730 366 771 mensis
393 730 589 771 Februarii
618 734 728 779 patre
753 729 941 770 Friderico
953 730 1171 770 Hermanno
1185 729 1386 770 Klammer
1410 733 1534 769 matre

226 792 365 835 Emilia
389 806 410 833 e
436 788 548 844 gente
575 795 763 835 Salomon.
806 796 915 834 Anno
927 795 1052 835 LVHI
1076 799 1254 844 parentes
1264 791 1527 850 Hamburgum

224 860 531 909 commigrarunt,
552 870 629 907 qua
651 859 690 898 in
706 859 799 898 urbe
818 870 903 898 eum
919 859 1135 898 litterarum
1151 860 1345 899 elementis
1366 859 1535 899 imbutus

189 966 191 969 ,
226 922 361 973 essem,
393 934 461 973 per
489 926 633 972 septem
668 933 787 963 annos
816 922 1020 972 discipulus
1044 922 1098 962 fui
1125 924 1310 973 gymnasii
1334 923 1531 970 Johannei,

196 988 331 1029 ,euius
365 991 457 1028 tunc
493 988 572 1026 dux
606 990 690 1027 erat
727 989 782 1026 vir
809 987 1116 1036 incomparabilis
1147 987 1340 1027 Johannes
1366 987 1533 1028 Classen.

225 1052 324 1092 Vere
348 1052 435 1092 anni
453 1052 614 1092 LXXIII
638 1041 873 1091 maturitatis
898 1052 1114 1091 testimonio
1140 1053 1349 1092 instructus
1363 1052 1532 1101 Lipsiam

225 1129 286 1158 me
311 1118 451 1157 contuli
476 1118 602 1165 ibique
626 1128 697 1166 par
722 1120 858 1168 quater
872 1128 941 1157 sex
955 1121 1373 1157 menses-commoratus
1390 1118 1531 1157 almam

223 1180 322 1222 hanc
344 1181 554 1221 studiorum
587 1181 714 1220 sedem
744 1181 832 1221 adii.
888 1180 1108 1220 Doeuerunt
1141 1192 1214 1220 me*
1234 1181 1305 1220 viri
1336 1181 1530 1221 clarissimi

223 1246 387 1294 curtius,
429 1245 622 1296 Drobiseh,
670 1245 873 1294 Fritzsche,
914 1245 1157 1296 lindebrand,
1204 1246 1341 1294 Hirzel,
1385 1245 1526 1296 Lange,

222 1309 365 1357 Nabim,
397 1310 554 1355 Ritschl,
582 1310 727 1360 Seydel‚
756 1310 870 1358 Voigt
887 1309 1115 1359 Lipsiense83
1141 1309 1360 1358 Buecheler,
1387 1311 1432 1350 R.
1455 1310 1530 1351 Ke-

222 1375 325 1423 kule,
351 1375 438 1423 Leo,
476 1375 512 1415 J.
545 1374 588 1414 B.
618 1375 759 1424 Meyer,
786 1373 977 1420 senneser,
1009 1375 1155 1414 Usener
1182 1375 1409 1415 Bonnenses.
1447 1376 1529 1426 ,Ut

221 1442 260 1480 in
295 1440 535 1480 seminarium
561 1440 797 1490 philologum
825 1440 1013 1490 reciperer
1043 1439 1263 1481 Buecheleri
1295 1442 1336 1480 et
1370 1440 1530 1481 Useneri

225 1516 316 1554 erga
340 1516 402 1544 me
427 1504 684 1544 benevolentia
709 1504 852 1544 factum
878 1509 949 1544 est.
1014 1504 1359 1545 Exercitationibus
1386 1505 1464 1545 suis
1487 1508 1532 1544 ut

223 1569 446 1610 interessem
452 1568 613 1619 benigne
621 1571 883 1609 concesserunt
890 1568 1134 1618 philologieis,
1147 1568 1409 1619 epigraphicis‚
1425 1568 1532 1618 oscis,

221 1634 402 1673 umbrieis
442 1634 659 1680 Buecheler,
692 1632 983 1681 archaeologicis
1023 1633 1185 1672 Kekule.
1218 1655 1269 1661 —
1292 1634 1394 1680 Quos
1430 1634 1531 1673 viros

225 1709 355 1739 omnes
371 1698 512 1749 optime
533 1698 580 1738 de
599 1708 659 1737 me
683 1697 838 1738 meritos
852 1707 935 1737 esse
959 1696 1148 1747 profiteor.
1191 1698 1417 1738 Gratissimo
1442 1708 1531 1737 vero

222 1764 347 1810 animo
363 1775 512 1814 semper
538 1754 895 1804 colam'memoriam
911 1763 1143 1811 Buecheler-I,
1170 1763 1341 1812 Useneri‚
1358 1763 1531 1815 Kekulei‚

222 1823 332 1878 quos
358 1828 568 1869 studiorum
605 1838 775 1867 meorum
810 1827 966 1867 adsidue
996 1830 1036 1866 et
1066 1828 1206 1868 iudices
1242 1829 1459 1868 mitissimos
1491 1832 1531 1868 et

220 1893 411 1934 adiutores
437 1893 705 1935 saluberrimos
730 1892 859 1931 habui.
