1735 2760
831 186 881 225 26

198 301 330 342 eodem
359 303 632 352 cogitationum
657 302 759 344 orbe.
811 304 870 345 Ab
895 303 967 344 hac
991 306 1120 344 autem
1149 306 1415 356 complexionis
1446 316 1507 344 ra-

195 367 298 408 tione
321 367 466 406 distare
487 368 663 407 videntur
696 381 742 408 ea
768 370 943 417 exempla
974 371 1038 409 ubi
1073 362 1196 410 causa
1219 371 1370 411 artioris
1395 381 1506 422 copu-

196 432 348 472 lationis
385 433 510 474 minus
549 434 587 473 in
627 444 777 474 summo
816 434 984 484 haereat,
1032 434 1097 474 sed
1137 434 1252 474 altius
1291 434 1507 476 descendat.

196 497 328 537 Talem
344 500 447 538 enim
463 502 575 547 putes
593 510 678 539 esse
695 500 1008 540 necessitudinem
1026 500 1228 541 verborum
1244 501 1355 551 quasi
1369 511 1508 542 causae

193 566 234 602 et
258 562 425 603 effectus.
452 562 513 603 Sic
540 564 571 604 si
599 564 682 613 quis
708 565 757 604 di.
784 565 802 603 I
831 566 863 612 1,
889 567 914 604 6
941 570 1046 605 bonos
1073 571 1170 605 viros
1199 572 1422 622 acceptosque
1450 570 1509 606 die

193 628 278 667 ideo
303 632 478 677 acceptos
503 629 590 669 illos
616 631 716 670 viros
741 630 799 670 dis
822 641 905 670 esse
931 630 1032 678 velit,
1064 630 1154 680 quia
1179 630 1267 671 boni
1293 631 1370 671 sint
1393 630 1441 671 de
1465 641 1508 670 re

193 693 288 733 nihil
319 693 394 733 erit
423 694 524 743 quod
556 694 741 744 litigetur.
775 695 955 734 Eiusdem
984 698 1097 734 notae
1129 696 1198 735 hos
1230 696 1372 736 habeas
1406 696 1509 736 locos

193 762 590 807 mollem-cedentemque
621 764 807 798 materiam
832 760 883 798 di.
909 760 984 799 VII
1020 760 1079 805 27,
1107 760 1142 799 3.
1195 763 1312 799 oculos
1342 763 1510 809 faiiyatos

192 827 420 872 cadentesque
449 829 489 863 in
521 838 627 871 opere
660 835 716 874 ep.
754 826 788 872 8,
825 826 858 863 1.
960 825 1030 864 Vel
1055 828 1099 864 ut
1128 827 1345 874 permutato
1377 814 1508 865 ordine

193 887 368 928 effectum
391 891 573 938 sequatur
598 900 713 929 causa
739 886 791 928 ‘in
812 894 910 929 molli
939 878 1161 938 palustrique
1178 904 1313 938 pascuo
1348 900 1407 939 ep.
1444 891 1504 938 51,

197 956 253 993 10.
303 969 478 1003 aquarum
498 960 668 994 stantium
695 959 960 1004 clausor-umque
990 960 1123 995 natura
1158 965 1194 994 n.
1230 965 1265 1004 q.
1300 954 1360 994 111
1382 943 1446 1003 26,
1472 956 1507 994 8.

195 1018 268 1058 Sed
295 1029 379 1057 cum
403 1019 495 1058 haec
524 1020 723 1059 verborum
749 1021 848 1059 ratio
875 1021 929 1059 ita
955 1020 992 1058 in
1018 1023 1152 1068 aperto
1176 1021 1228 1059 sit
1252 1023 1296 1059 ut
1322 1022 1460 1070 sponte
1483 1030 1507 1058 a

198 1085 339 1125 lectore
366 1086 556 1125 sentiatur
576 1096 644 1125 nec
662 1084 780 1124 multo
798 1096 895 1134 opus
921 1085 971 1125 sit
989 1084 1162 1124 acumine
1179 1085 1228 1124 ad
1253 1084 1507 1134 indagandam

194 1162 278 1190 eam
305 1161 380 1190 nou
393 1152 530 1190 accedo
553 1151 626 1190 illis
652 1151 717 1199 qui
743 1150 958 1190 huiusmodi
984 1150 1155 1200 exempla
1169 1161 1307 1190 novum
1326 1152 1365 1191 et
1397 1149 1510 1200 plane

194 1216 411 1256 distinctum
437 1227 461 1255 a
486 1216 612 1264 priore
638 1225 758 1265 genus
784 1216 902 1255 videri
927 1215 1072 1254 volunt.

313 1281 454 1321 Verum
480 1284 611 1321 autem
635 1282 836 1321 discrimen
861 1292 947 1322 cum
975 1281 1171 1330 adpareat,
1198 1281 1335 1321 merito
1361 1292 1385 1321 a
1401 1281 1503 1331 prio-

194 1346 298 1388 ribus
334 1346 560 1388 distrahitur
598 1347 636 1386 id
674 1358 794 1396 genus
832 1348 932 1395 quod
972 1346 1114 1396 insigne
1153 1349 1211 1386 est
1246 1347 1507 1387 coniunctione

194 1412 465 1453 adiectivorum
504 1413 554 1453 ad
586 1413 712 1453 varias
753 1424 815 1453 res
853 1412 1119 1463 spectantium.
1170 1410 1297 1452 Minus
1322 1422 1409 1452 vero
1448 1411 1509 1452 hic

193 1488 287 1517 usus
318 1488 404 1516 cum
430 1477 582 1527 proprio
609 1480 648 1516 et
674 1478 836 1525 genuino
865 1476 1075 1525 particulae
1100 1491 1166 1524 que
1190 1488 1306 1517 sensu
1335 1477 1507 1525 condnit,

192 1544 322 1592 itaque
348 1542 469 1581 minor
494 1541 606 1582 huius
631 1544 746 1582 notae
771 1542 1030 1592 exemplorum
1047 1551 1227 1581 numerus
1243 1545 1315 1589 est,
1345 1551 1507 1589 quorum

196 1610 239 1647 ut
251 1608 497 1657 intellegatur
516 1607 648 1655 quales
674 1608 774 1647 locos
790 1608 1001 1656 respiciam,
1024 1607 1098 1646 duo
1113 1597 1319 1655 adponam:
1344 1618 1510 1655 maym

192 1679 400 1722 tommo-que
423 1677 549 1713 bonum
574 1673 608 1712 d.
636 1674 680 1712 cl.
706 1672 725 1711 I
750 1674 784 1720 1,
810 1673 845 1712 5.
884 1686 970 1720 quos
995 1675 1119 1712 civilia
1139 1675 1231 1712 bolla
1254 1676 1370 1712 claros
1380 1677 1504 1721 poten-

192 1744 310 1787 tesqua
332 1741 491 1784 fecerunt
516 1748 576 1785 ep.
604 1737 666 1784 94,
692 1737 753 1775 46.

311 1804 393 1843 Iam
434 1804 482 1842 de
519 1802 649 1853 paucis
688 1802 777 1842 locis
805 1801 1056 1850 loquendum,
1095 1800 1160 1849 qui
1185 1799 1505 1849 quemadmodum

195 1870 259 1908 uni
285 1880 334 1909 ex
359 1868 483 1909 tribus
508 1865 763 1918 superioribus
788 1866 989 1921 generibus
1015 1866 1232 1907 inserantur
1254 1865 1394 1916 quippe
1420 1876 1505 1906 cum

194 1935 400 1974 abhorrere
427 1934 626 1973 videantur
653 1934 701 1973 ab
729 1929 916 1981 omnibus,
940 1932 1062 1983 primo
1079 1931 1233 1971 dubium
1251 1941 1334 1971 esse
1350 1931 1503 1981 poterit,

193 1999 336 2038 habent
358 1999 456 2038 enim
481 1998 625 2046 aliquid
650 1999 847 2047 peculiare.

315 2063 433 2105 Mirus
463 2063 507 2103 fit
532 2064 716 2104 transitus
739 2075 762 2101 a
787 2062 944 2102 fortiore
970 2062 1149 2102 vocabulo
1175 2061 1225 2100 ad
1253 2060 1438 2101 infirmius
1458 2070 1504 2099 eo

195 2142 323 2177 sensu,
362 2134 405 2171 ut
444 2130 588 2180 aliquid
627 2129 853 2169 detrahatur
888 2129 936 2169 de
961 2128 997 2168 vi
1031 2127 1131 2168 illius
1156 2138 1193 2167 n.
1223 2126 1362 2176 q.111
1371 2136 1429 2177 pr.
1456 2126 1504 2166 18

196 2202 369 2244 αππιαν»,
407 2200 1052 2246 ᾳαοειππιονηαρποααοοραεωι,
1075 2199 1505 2240 scammum-pore.

196 2263 256 2303 vel
276 2264 324 2302 d.
347 2263 384 2302 b.
414 2263 445 2302 V
473 2263 531 2311 15,
559 2265 944 2303 2mmuration0m.
988 2291 1025 2301 ..
1060 2265 1508 2309 propmimopmvoque

196 2334 472 2374 morantium,
506 2332 671 2377 quicquid
703 2331 795 2366 citra
820 2331 907 2366 recti
932 2292 1123 2374 for-malam
1147 2328 1292 2365 cecidit.
1333 2323 1505 2364 Decim-

196 2392 282 2443 plici
298 2392 518 2431 adiectione
543 2392 714 2432 vocabuli
740 2392 797 2430 his
823 2392 914 2430 locis
937 2391 1096 2440 cogitari
1121 2390 1263 2438 nequit,
1290 2389 1508 2429 nihilvenim

196 2459 311 2508 plane
336 2457 424 2497 novi
451 2456 619 2502 additur,
647 2455 713 2496 sed
739 2457 932 2495 coercetur
956 2454 1060 2503 prior
1077 2463 1152 2493 vox
1176 2453 1232 2492 ita
1257 2455 1302 2491 ut
1325 2465 1391 2501 quo
1409 2452 1507 2491 idem

196 2523 276 2564 iere
302 2524 430 2562 valere
456 2523 557 2571 quod
582 2527 645 2561 aut
670 2527 761 2562 certe
786 2520 996 2569 putandum
1014 2519 1077 2560 sit.
1128 2518 1339 2558 Externam
1355 2519 1506 2557 tantum

197 2589 360 2640 speciem
385 2588 449 2637 qui
472 2588 688 2637 inspexerit,
715 2586 773 2626 his
803 2584 949 2625 duobus
970 2584 1137 2625 fortasse
1164 2583 1508 2633 adnumerabit‘ep.
