1735 2760
816 197 866 236 30

187 317 375 358 adiectiva
399 319 441 356 et
464 327 533 366 per
560 330 626 364 que
650 317 690 354 et
715 326 783 364 per
796 322 900 363 atque
917 314 1125 365 composita
1140 312 1495 361 raroinveniuntnr,

184 394 259 433 quo
297 383 523 422 documento
563 382 652 420 licet
689 381 746 420 uti
772 381 843 419 has
867 379 1073 430 particulas
1099 389 1330 428 quamquam
1355 378 1395 417 in
1418 376 1496 417 fre-

185 447 431 495 quentissimo
456 457 529 485 usu
555 446 642 495 sint,
667 457 741 484 non
767 449 895 484 tamen
922 445 961 483 in
987 445 1200 493 promiscuo
1221 454 1317 484 esse.
1357 443 1497 483 Exstat

186 511 338 561 quidem
368 513 409 550 et
430 511 528 550 haec
557 513 597 549 et
622 510 688 549 illa
713 510 905 558 particula
930 509 988 548 hie
1004 509 1116 548 locis:
1138 512 1254 555 finnio
1277 512 1392 548 adhuc
1415 512 1497 547 soli-

185 581 309 623 disque
346 579 551 622 corporibus
587 586 645 624 ep.
683 575 748 622 95,
791 575 838 613 15
862 577 914 613 ‘et
952 574 989 613 d.
1022 573 1057 613 b.
1084 573 1158 613 v11
1183 574 1249 621 26,
1288 574 1314 613 4
1344 578 1424 622 quio
1447 577 1498 612 eet

183 645 331 680 istorum
355 646 427 680 tam
450 643 575 686 firmae
598 643 723 685 mentis
747 653 791 679 ao
806 642 950 679 solidae.
1002 639 1057 677 At
1079 639 1200 678 levius
1224 639 1263 678 in
1280 649 1398 678 unum
1413 648 1496 678 coe·

186 709 256 745 unt
296 705 483 745 adieetiva
519 706 644 754 priore
682 705 764 744 loco
802 715 915 753 quam
944 704 1016 744 hoc
1039 705 1174 753 altero,
1206 704 1269 744 ubi
1296 704 1498 752 utriusque

187 771 358 823 vocabuli
383 771 458 810 vim
484 781 552 820 per
577 781 618 810 se
644 770 763 820 premi
791 770 1038 810 antecedente
1062 775 1135 810 tam
1157 769 1361 819 indicatur,
1396 769 1496 818 quod

185 836 424 877 manifestius
462 836 529 875 fiet
562 836 791 886 comparatis
826 836 1014 876 similibus
1041 835 1134 893 locis
1159 841 1232 875 tom
1256 838 1499 876 hovwstaevroi

185 917 228 942 ac
261 916 401 942 severae
437 914 495 952 ep.
525 902 585 953 67,
613 903 672 942 16.
724 908 796 942 tam
828 907 943 942 termis
975 909 1017 942 ac
1046 904 1182 942 solutus
1207 912 1242 941 n.
1268 912 1304 951 q.
1330 901 1349 941 1
1374 902 1410 951 2,
1438 902 1496 940 11.

184 973 259 1007 tam
282 971 394 1007 Μία
419 981 461 1006 ac
483 981 613 1016 mayna
638 968 687 1006 di.
714 967 749 1005 X
801 997 810 1015 ‚
839 969 874 1006 2.
914 967 1076 1015 Aequali
1103 967 1213 1007 modo
1239 967 1499 1007 discriminan-

186 1036 252 1071 tur
291 1034 388 1071 inter
423 1044 464 1072 se
497 1047 590 1072 unus
626 1038 743 1082 idemq
812 1035 852 1073 et
876 1046 969 1073 unus
993 1038 1098 1081 atquo
1122 1035 1225 1072 idem
1277 1031 1379 1072 Illud
1403 1031 1499 1081 legis

138 1112 141 1115 ·
187 1097 236 1138 di.
266 1097 511 1145 116,3mm
552 1102 735 1146 estquod
773 1101 1498 1137 dubitesanhomonatuomuoidom-

187 1176 253 1211 que
278 1166 373 1202 inter
392 1166 533 1203 diversa
544 1168 602 1209 sit,
630 1166 668 1202 et
692 1163 810 1218 <LXI
839 1163 897 1213 14,
924 1163 948 1201 5
974 1165 1061 1210 quid
1081 1164 1237 1209 referem
1262 1164 1501 1201 amanum

188 1231 396 1276 Scipionem,
437 1233 498 1277 qui
534 1243 605 1268 uno
634 1242 749 1277 paene
787 1232 970 1277 eodemque
1004 1233 1156 1276 tempore
1176 1231 1360 1275 ,spectavit
1383 1231 1502 1274 patris

188 1296 404 1340 mimum
442 1297 659 1341 dumque
690 1297 854 1345 [fratrum
879 1297 1021 1340 fwnera.
1069 1293 1187 1332 Nemo
1212 1295 1315 1332 certe
1340 1291 1413 1332 erit
1437 1290 1503 1341 qui

188 1359 397 1399 oratoriam
435 1358 626 1406 quandam
665 1358 740 1398 vim
767 1358 855 1398 huic
881 1358 992 1398 alteri
1017 1358 1098 1397 loco
1124 1358 1248 1397 inesse
1272 1360 1398 1406 neget,
1426 1367 1500 1395 non

188 1423 316 1462 minus
354 1426 482 1462 tamen
520 1428 665 1463 certum
704 1427 765 1464 est
803 1424 990 1463 debilitari
1028 1423 1330 1463 adfirmationem
1372 1421 1502 1461 addita

189 1497 281 1527 voce
300 1501 425 1536 paene.
478 1487 608 1527 Firma
633 1489 767 1527 contra
790 1498 835 1527 ac
863 1490 967 1528 certa
992 1488 1047 1526 vis
1070 1491 1109 1527 et
1134 1487 1335 1527 concitatio
1366 1487 1502 1526 oratio-

189 1553 258 1601 nis,
285 1555 330 1592 ut
355 1557 461 1603 puto,
488 1553 715 1603 conspicitur
740 1553 840 1593 hisce
865 1553 975 1593 locis:
1000 1559 1042 1593 at
1066 1556 1419 1604 meherculesiota
1435 1555 1504 1591 sol-

188 1621 282 1657 licite
305 1623 467 1658 scrutata
491 1623 657 1667 varieque
681 1620 821 1659 condita
851 1633 927 1659 cum
951 1623 1124 1658 subierint
1156 1624 1320 1665 ventrem,
1344 1632 1417 1658 una
1448 1623 1501 1658 at-

188 1697 253 1732 que
278 1687 398 1723 eadem
430 1687 582 1730 foeditas
613 1689 793 1732 occupabit
818 1696 877 1734 ep.
915 1685 999 1733 110,
1028 1685 1085 1725 13.
1149 1688 1259 1724 adeo
1288 1699 1370 1725 non
1392 1690 1504 1733 potest

188 1753 359 1795 dubitari,
384 1763 432 1789 an
456 1753 561 1797 quale
584 1753 677 1805 illud
692 1755 749 1798 sit,
777 1754 847 1790 tale
870 1754 934 1790 hoc
956 1755 1003 1790 cit
1028 1751 1179 1799 (sapere
1204 1750 1346 1790 scilieet
1371 1753 1412 1790 et
1440 1761 1501 1791 sa-

188 1813 354 1863 pientem
386 1814 498 1864 esse),
535 1821 589 1854 ut
621 1819 831 1863 quibusdam
861 1821 1047 1863 utrumque
1076 1829 1186 1854 mmm
1210 1819 1373 1855 videatur
1402 1821 1506 1864 atque

187 1883 281 1919 idom
306 1890 366 1928 ep.
396 1880 479 1928 117,
506 1880 531 1919 8
548 1881 589 1927 ¹).
643 1879 890 1931 Oppositione
907 1868 1156 1930 personarum
1172 1879 1328 1929 insignis
1344 1882 1403 1919 est
1427 1883 1504 1921 ter·

187 1945 515 1984 tiuslocusdb.
550 1944 585 1983 V
619 1946 653 1992 8,
687 1946 711 1983 3
759 1959 869 1993 neque
904 1949 1115 1985 mimalia
1148 1950 1503 1995 datquamaoeipit,

187 2013 251 2049 sed
274 2023 369 2049 unus
389 2015 495 2059 atquo
517 2014 620 2050 idem.
675 2010 802 2050 Minus
832 2010 910 2049 tale
940 2010 1141 2050 discrimen
1173 2011 1414 2061 conspicuum
1446 2014 1507 2051 eat

187 2075 227 2112 in
253 2075 312 2114 his
338 2076 544 2123 exemplis:
570 2080 702 2115 malias
727 2090 770 2115 ac
792 2081 915 2115 van'as
942 2079 1136 2123 voluptates
1159 2086 1218 2125 ep.
1243 2076 1302 2123 69,
1330 2077 1366 2117 4.
1390 2091 1437 2116 m.
1461 2089 1507 2117 ac

187 2153 220 2178 υ.
245 2152 385 2179 errores
407 2139 442 2179 d.
468 2139 504 2179 b.
531 2139 552 2178 I
576 2140 609 2187 1,
640 2140 672 2179 1.
708 2143 842 2179 contra
871 2144 1003 2179 multae
1031 2144 1186 2187 variaeq.
1222 2145 1334 2187 fao-'es
1356 2151 1392 2180 n.
1420 2151 1457 2189 q.
1484 2142 1509 2185 L

193 2205 225 2253 1,
252 2206 287 2245 2.
338 2220 384 2244 m.
415 2209 542 2253 wamy.
568 2210 714 2244 cometes
738 2215 774 2243 n.
801 2214 838 2253 q.
864 2203 941 2244 VH
968 2204 1026 2253 17,
1054 2206 1090 2245 3.
1138 2219 1185 2245 m.
1218 2209 1344 2254 vav-idq·
1375 2208 1507 2245 colores

190 2281 247 2320 ep.
277 2271 360 2318 121,
387 2272 423 2309 5.
487 2270 571 2309 Non
597 2270 730 2310 omitto
758 2274 957 2319 tamquam
982 2271 1193 2311 clausulam
1220 2271 1427 2321 adiungere
1451 2271 1505 2311 lo·

189 2346 277 2376 cum
302 2336 368 2384 qui
393 2336 585 2375 insolitum
621 2337 659 2375 in
694 2336 755 2376 his
780 2335 974 2376 adiectivis
1003 2336 1259 2376 dissolutionis
1285 2337 1504 2387 exemplum

190 2401 342 2442 exhibet
375 2401 411 2441 d.
439 2402 485 2441 cl.
512 2402 563 2441 11.
590 2403 625 2449 2,
652 2403 675 2440 2
700 2406 830 2441 muuao
862 2415 962 2441 voces
995 2416 1144 2451 magnas
1173 2406 1237 2442 sod
1275 2406 1505 2442 detestabiles.

191 2466 266 2507 Sed
304 2465 444 2505 lenitur
482 2466 638 2506 offensio
682 2467 879 2507 interiecto
916 2456 1155 2507 substantivo
1193 2471 1232 2506 et
1270 2468 1507 2516 oppositione

311 2602 335 2645 ²)
353 2601 428 2635 Non
451 2602 577 2643 legitur
598 2602 688 2643 apud
711 2601 869 2635 Senecam
892 2604 1018 2634 tantum
1042 2603 1130 2638 abeat
1153 2605 1250 2635 nat-ut.
