1735 2760
860 165 908 208 18

221 297 302 323 rwm
319 298 570 334 proavorumq.
595 290 687 325 serie
711 296 769 334 ep.
797 287 856 333 76,
882 287 940 325 12.
969 300 1034 325 avo
1055 300 1222 334 proavoq.
1254 286 1291 325 d.
1309 286 1345 325 b.
1363 286 1417 325 lv
1429 286 1490 333 31,
1504 286 1540 324 2.

221 355 364 397 nepotes
388 357 629 399 pronepotesq.
657 352 694 390 d.
720 352 757 390 b.
781 351 834 389 IV
860 352 922 399 32,
952 352 984 390 1.
1009 351 1058 390 di.
1086 350 1140 389 VI
1169 351 1227 397 11,
1252 351 1286 390 5.
1312 350 1361 390 di.
1387 350 1462 390 XII
1481 350 1542 396 18,

221 414 257 452 9.
310 414 454 455 Sensus
480 416 633 456 notione
671 417 914 456 continentur
947 419 1053 456 odore
1086 421 1227 465 μνείας.
1263 415 1313 455 di.
1347 415 1378 455 V
1415 415 1473 463 10,
1501 416 1536 455 3.

219 491 256 518 ιι.
285 490 321 527 q.
347 480 492 528 11124,
520 482 555 521 4
579 487 911 530 qustwmtaotumq.
940 481 989 521 di.
1016 480 1134 527 1X4,
1163 481 1196 519 7.
1223 481 1459 529 visutamq.
1485 479 1537 519 di.

220 544 273 583 VI
301 546 358 593 12,
386 547 420 584 2.
474 544 697 595 Congruunt
730 547 769 586 in
796 558 838 587 eo
871 546 972 596 quod
1006 549 1098 586 sunt
1122 545 1191 595 pili
1214 549 1325 586 barba
1354 544 1540 594 capsumq.

220 611 268 648 di.
296 610 349 649 XI
378 611 435 657 17,
463 612 499 649 5.
526 615 638 650 barba
661 616 776 659 eamq,
811 624 846 650 n.
874 623 910 660 q.
937 611 1080 659 11129,
1110 613 1145 650 3.
1201 611 1372 651 Tertium
1412 621 1538 650 exem-

219 676 326 724 plum
354 675 545 726 Madvigio
569 676 761 725 debemus,
799 678 863 725 qui
890 688 950 726 ep.
981 677 1043 725 92,
1070 677 1120 716 34
1152 686 1311 727 pravam
1337 675 1536 716 lectionem

221 754 263 779 ex
308 744 421 786 barba
459 745 672 790 capillosque
704 748 804 781 tonsa
841 744 895 781 ita
926 742 1089 782 correxit
1120 756 1164 781 ex
1196 745 1308 781 barba
1345 736 1540 788 capilloque

220 809 376 846 detonsa.
429 808 575 846 Aurum
593 808 633 846 et
660 813 854 858 amentum,
881 818 980 857 quae
1005 811 1201 856 tamquam
1216 816 1406 846 summam
1422 805 1537 844 bono-

218 881 303 910 rum
342 875 587 911 externorum
621 871 826 912 identidem
861 873 1175 921 complectuntur,
1212 882 1420 920 numquam
1461 881 1537 910 me·

218 937 308 975 mini
334 948 395 977 me
420 948 489 988 per
512 943 616 986 atque
641 938 778 987 legisse
802 938 1010 984 coniuncta,
1038 948 1107 987 per
1134 943 1168 977 et
1198 940 1353 978 exstant
1377 936 1413 976 d.
1440 936 1477 976 b.
1502 936 1536 975 V

219 1003 254 1050 6,
282 1003 317 1040 2.
345 1002 381 1041 d.
410 1002 445 1040 b.
473 1003 546 1041 VH
573 1004 631 1049 10,
660 1004 694 1041 2.

338 1068 371 1106 Α
397 1067 545 1107 ratione
572 1067 708 1106 horum
735 1067 1007 1117 exemplorum,
1028 1067 1067 1106 in
1094 1065 1232 1115 quibus
1260 1077 1359 1115 quae
1385 1076 1538 1115 compo-

218 1131 407 1169 nebantur
435 1131 608 1170 notiones
632 1141 751 1179 aeque
764 1131 972 1179 participes
990 1134 1100 1170 erant
1117 1130 1228 1170 unius
1245 1131 1410 1170 notionis
1427 1135 1539 1171 extra

218 1206 283 1235 eas
312 1206 504 1245 supraque
541 1207 606 1236 eas
646 1196 803 1246 positae,
838 1196 975 1236 diversi
1007 1199 1099 1236 sunt
1128 1195 1160 1235 ei
1194 1195 1267 1234 loci
1293 1195 1355 1235 ubi
1382 1205 1534 1245 compo-

216 1267 363 1300 nuntur
387 1272 486 1311 quae
515 1263 562 1300 ad
589 1273 671 1301 rem
705 1261 871 1311 aliquam
905 1261 1017 1310 plene
1041 1260 1326 1301 describendam
1359 1264 1449 1310 apta
1474 1261 1533 1300 vel
1606 1306 1617 1318 ⁸

217 1326 434 1366 necessaria
460 1329 560 1366 sunt.
627 1326 688 1366 Sic
715 1338 773 1376 ep.
801 1328 861 1374 88,
889 1327 938 1366 26
967 1326 1031 1365 ubi
1056 1326 1173 1366 verba
1199 1324 1290 1366 facit
1316 1325 1460 1366 Seneca
1486 1326 1535 1366 de

215 1391 338 1432 officio
366 1396 584 1441 geometrae
621 1393 721 1441 quod
754 1393 920 1442 positum
955 1395 1014 1431 est
1038 1392 1076 1430 in
1101 1402 1258 1431 numero
1291 1395 1331 1430 et
1356 1398 1533 1431 mensura

214 1467 355 1503 rerum,
381 1459 485 1496 recte
512 1457 611 1496 hunc
637 1457 675 1496 in
694 1457 846 1497 modum
875 1457 1042 1505 loquitur
1067 1460 1213 1505 sapiens
1237 1470 1362 1496 comas
1385 1463 1533 1497 natura-

214 1525 302 1560 liwm
322 1528 356 1560 et
380 1526 520 1570 quaerit
545 1528 578 1561 et
594 1527 698 1569 novit,
724 1518 874 1570 q'uorwm
897 1534 1065 1561 nwmeros
1079 1534 1328 1570 mensurasque
1342 1528 1533 1571 geometres

211 1590 440 1634 persequitur
465 1592 497 1625 et
521 1590 696 1633 subpetat.
762 1586 857 1625 Item
883 1597 942 1635 ep.
969 1587 1029 1634 80,
1057 1587 1080 1624 2
1106 1600 1213 1634 quam
1236 1590 1390 1625 inbecilli
1415 1591 1533 1626 anano

214 1655 297 1698 sint,
324 1665 474 1699 quorwm
510 1654 661 1690 lacertos.
682 1664 887 1698 umerosque
916 1655 1101 1695 mramur,
1125 1650 1220 1690 bene
1245 1650 1361 1690 verba
1388 1654 1535 1690 lacertos

215 1720 254 1755 et
279 1729 428 1763 umeros,
456 1726 556 1764 quae
580 1716 718 1754 virium
752 1706 870 1763 atque
898 1715 1048 1755 roburis
1071 1715 1301 1754 documenta
1332 1719 1434 1761 sunt,
1466 1727 1535 1765 per

212 1796 279 1829 que
304 1781 556 1831 conligantur.
610 1781 694 1820 Vini
719 1782 883 1830 pretium
911 1781 1130 1821 aestimanti
1164 1781 1263 1820 duae
1294 1780 1531 1830 potissimum

212 1858 274 1886 res
301 1846 505 1885 intuendae
532 1848 633 1893 sunt,
661 1849 701 1885 et
729 1846 835 1885 cuius
860 1846 949 1885 anni
981 1848 1022 1885 et
1043 1846 1153 1886 cuius
1166 1845 1330 1895 regionis
1347 1846 1410 1886 sit.
1453 1845 1533 1885 Me·

211 1912 285 1951 rito
310 1922 403 1962 ergo
429 1912 500 1952 has
525 1913 698 1952 notiones
724 1914 807 1951 arte
834 1912 1031 1952 coniunxit
1055 1911 1215 1961 scriptor
1238 1910 1298 1951 his
1323 1911 1450 1951 verbis
1481 1905 1535 1950 tot*

212 1980 393 2016 consulum
415 1981 665 2025 reqiomamque
688 1981 773 2016 vina
797 1988 856 2027 ep.
885 1978 968 2024 114,
994 1978 1055 2016 26.

333 2042 505 2093 Denique
530 2042 618 2082 huic
650 2043 779 2091 generi
811 2042 1087 2092 subiungamus
1113 2042 1297 2092 exempla,
1332 2042 1372 2081 in
1397 2040 1532 2090 quibus

213 2119 274 2147 res
301 2108 501 2155 copulatae
527 2110 689 2147 naturae
715 2107 880 2155 quadam
907 2108 1124 2147 condicione
1150 2110 1193 2146 ut
1230 2107 1286 2147 ita
1310 2106 1434 2147 dicam
1473 2117 1534 2146 co-

213 2174 354 2222 gnatae
369 2175 470 2220 sunt,
498 2172 746 2212 velutihamen
770 2176 901 2221 calorq.
926 2183 962 2211 n.
976 2182 1012 2221 q.
1027 2172 1066 2211 11
1093 2173 1152 2221 10,
1180 2173 1214 2211 1.
1244 2176 1441 2211 tanim
1461 2174 1532 2230 fal—

211 2243 341 2286 minaq.
371 2250 407 2278 n.
434 2250 470 2289 q.
497 2238 536 2278 II
560 2239 621 2287 30,
648 2239 682 2278 3.
710 2243 857 2278 lta-uria
876 2242 1060 2287 semitm.
1087 2239 1138 2278 di.
1164 2237 1223 2277 ΙΙΙ
1251 2238 1311 2286 11,
1336 2237 1372 2277 6.
1432 2236 1530 2277 Huic

213 2314 372 2343 numero
397 2305 481 2344 iure
507 2303 672 2344 fortasse
698 2303 910 2344 adscribam
936 2315 994 2353 ep.
1025 2304 1109 2352 109,
1137 2304 1173 2343 7.
1225 2303 1299 2343 Sed
1316 2304 1407 2352 quia
1424 2306 1531 2342 totus

211 2369 320 2410 locus
348 2371 455 2420 gravi
480 2370 612 2410 morbo
637 2370 798 2417 laborat,
826 2369 949 2409 fusius
975 2380 1074 2409 eum*
1089 2372 1258 2409 tractare
1273 2370 1396 2409 liceat.
1445 2368 1529 2408 Dis-

209 2438 324 2485 putat
349 2435 492 2475 Seneca
517 2437 589 2475 hac
609 2435 773 2484 epistula
799 2445 846 2474 ea
872 2434 920 2474 de
946 2435 1167 2483 quaestione
1183 2444 1273 2474 num
1298 2434 1449 2483 sapiens
1466 2444 1530 2474 sa·

208 2501 326 2551 pienti
353 2501 533 2550 prodesse
558 2500 689 2549 possit,
716 2499 818 2548 quod
846 2502 962 2547 negat
985 2500 1147 2549 scriptor
1169 2498 1297 2538 dicens
1320 2499 1529 2547 sapientem

211 2567 386 2608 adiuvari
426 2577 501 2606 non
527 2566 660 2605 alienis
694 2563 762 2606 sed
792 2565 872 2605 suis
903 2565 1020 2614 ipsius
1051 2565 1206 2605 viribus.
1269 2563 1368 2604 Huic
1399 2567 1528 2605 autem
