1735 2760
780 116 878 156 ”64

193 234 381 282 attendas,
431 235 555 283 ipsum
593 233 805 282 sapientem
843 243 954 272 voces
993 231 1270 271 adsectatorem
1290 227 1512 280 {sapientiae

195 311 310 348 quam
337 298 598 349 imperfectum
626 298 751 337 adhuc
778 300 816 336 et
841 296 1059 337 discentem.
1110 295 1253 335 Contra
1279 294 1341 343 qui
1369 293 1512 344 aliquid

194 364 344 405 efficere
369 365 430 402 vel
453 364 522 404 sibi
535 374 678 417 parare
703 365 872 409 conatur,
900 362 1112 401 adfectator
1134 363 1237 400 recte
1263 359 1421 408 dicetur,
1449 370 1511 398 ve-

193 432 253 471 lut
278 431 381 480 apud
408 429 681 476 Quintilianum
709 431 906 475 adfectator
931 431 1037 475 reqm'„
1051 425 1085 473 V
1105 426 1163 475 13,
1190 426 1250 465 24.
1276 427 1510 473 adfectatores

192 501 367 536 libertatis
391 495 444 533 VI
466 496 501 542 2,
522 495 580 532 16.
607 498 705 533 risus
733 497 930 540 adfectator
956 493 1009 531 VI
1038 494 1074 543 3,
1100 493 1135 531 3.
1186 492 1320 530 Nescio
1345 501 1436 540 ergo
1462 501 1511 529 an

195 572 254 610 ep.
281 561 329 599 65
357 570 508 609 quoque
535 557 774 598 scribendum
802 558 855 597 sit
879 560 1142 605 adsectatorque
1165 560 1370 604 sapientiae.

317 625 391 664 Sed
430 625 630 664 redeamus
668 623 717 662 ad
748 623 997 673 propositum.
1049 622 1248 662 Interdum
1283 632 1345 661 res
1382 621 1512 669 aliqua

194 693 513 730 commemoratur
551 691 591 728 et
629 688 765 728 deinde
801 699 965 737 persona
1004 688 1064 726 cui
1101 687 1241 736 aliquid
1268 686 1427 726 rationis
1453 689 1512 726 est

194 767 278 796 cum
303 755 369 794 illa
394 766 447 802 re,
474 757 519 794 ut

279 831 368 854 anno
404 819 629 862 temper-antiq,
650 829 775 852 annum
803 819 860 853 deo
890 829 941 861 ep.
967 818 1019 860 73,
1033 819 1062 851 6.
1105 818 1247 852 mundus
1267 818 1409 860 'rectorq.
1437 818 1511 851 uni-

277 879 365 912 versi
386 877 530 911 devesei.
552 877 615 910 VII
636 879 667 919 8,
689 878 719 910 4.
764 878 895 915 ‚virtuti
916 877 1095 918 studiosoq.
1120 876 1255 910 virtutis
1285 876 1330 909 di.
1357 876 1404 909 IX
1424 876 1457 918 4,
1481 877 1510 909 1.

277 936 472 968 medicinam
491 935 630 976 ipsulm.
654 934 829 967 medentem
852 934 884 966 d.
906 934 946 967 cl.
975 934 990 965 1
1014 935 1063 975 17,
1087 934 1115 967 1.
1169 934 1302 968 inventa
1328 934 1513 977 sapientiae

279 994 492 1033 inventoresq.
516 1002 566 1033 ep.
591 992 643 1033 64,
665 993 694 1023 7.

318 1052 412 1090 Rem
445 1050 580 1089 deinde
612 1050 785 1098 sequitur
810 1049 953 1089 mentio
985 1060 1113 1089 rerum
1140 1049 1190 1089 ad
1216 1060 1300 1089 eam
1323 1048 1509 1098 pertinen·

195 1117 291 1156 tium
317 1116 421 1156 hisce
446 1115 559 1154 locis:
618 1138 622 1144 -

278 1183 418 1215 virtutes
441 1190 552 1223 ωσπερ.
574 1181 734 1213 virtutum
755 1191 806 1222 ep.
830 1181 883 1221 95,
906 1180 957 1212 58.
1022 1189 1039 1212 e
1062 1182 1152 1213 terra
1173 1179 1340 1222 terrenieq.
1362 1179 1513 1213 omnibus

272 1249 357 1282 pars
379 1238 517 1272 humida
539 1237 671 1278 efflatur
693 1249 725 1270 n.
748 1248 779 1278 q.
795 1237 827 1269 II
850 1238 902 1278 54,
923 1238 951 1269 1.
994 1237 1144 1279 corporis
1158 1246 1297 1279 rerumq.
1320 1246 1439 1279 corpue
1453 1236 1511 1270 ad·

274 1296 455 1338 ficientium
476 1295 620 1329 varietas
641 1295 686 1328 di.
711 1295 773 1328 vu
799 1296 850 1336 15,
873 1297 902 1327 4.
946 1295 1108 1328 levitatem
1130 1304 1226 1327 casus
1239 1304 1378 1336 rerumq.
1399 1303 1511 1327 casum

278 1354 484 1397 sequentiam*
507 1364 559 1395 ep.
582 1355 624 1386 98
646 1355 677 1385 4.
720 1353 867 1394 corporis
900 1353 953 1385 sui
972 1352 1239 1394 pertinentium.
1262 1352 1307 1385 ad
1323 1351 1361 1385 id
1375 1352 1513 1401 ‘cm-ioca

276 1421 344 1445 non
366 1411 467 1445 anxie
488 1410 616 1453 (mens).
661 1410 789 1451 Quibus
812 1411 894 1443 locis
917 1410 1048 1443 accedit
1071 1421 1103 1442 n.
1127 1420 1158 1452 q.
1181 1409 1196 1441 1
1217 1411 1248 1452 2,
1271 1411 1300 1443 7.

318 1470 459 1519 Agitur
496 1470 547 1509 ibi
581 1471 628 1509 de
669 1471 815 1510 coronis
852 1482 949 1519 quae
988 1471 1086 1511 circa
1124 1470 1248 1510 sidera
1287 1469 1511 1509 formantur.

192 1535 318 1585 Atque
346 1535 387 1574 in
419 1535 645 1585 explicanda
675 1546 791 1575 causa
824 1546 891 1573 eur
926 1535 1081 1574 turbato
1113 1546 1201 1574 aere
1226 1546 1301 1575 non
1326 1535 1507 1582 oriantur,

192 1601 306 1639 simili
350 1601 515 1648 quodam
557 1601 678 1640 utitur
718 1602 890 1650 scriptor.
960 1600 1165 1649 Lapidibus
1208 1601 1308 1640 enim
1346 1600 1436 1640 dicit
1471 1600 1511 1639 in

192 1676 332 1714 aquam
354 1668 520 1704 stantem
548 1668 587 1703 et
612 1665 782 1704 clausam
807 1665 972 1705 inmissis
996 1666 1156 1705 circulos
1184 1666 1306 1714 nasci,
1340 1665 1402 1704 ubi
1421 1675 1510 1703 vero

195 1734 325 1770 currat
350 1742 452 1779 aqua
477 1733 518 1770 et
543 1730 579 1769 in
606 1729 698 1779 fuga
725 1730 774 1770 sit
799 1730 1014 1771 disturbari.
1068 1730 1165 1770 Tum
1192 1733 1247 1771 ita
1269 1731 1395 1781 pergit
1418 1733 1511 1770 idem

192 1809 275 1845 erqo
288 1800 329 1835 in
353 1810 435 1835 aere
460 1801 584 1842 evenit,
609 1802 649 1835 at
671 1800 731 1835 ille
756 1800 817 1844 qui
838 1803 964 1844 manet,
988 1800 1103 1845 possit
1118 1801 1291 1846 fiqurari;
1319 1803 1357 1835 at
1373 1800 1434 1836 ille
1450 1800 1512 1845 qui

191 1866 337 1910 rapitur
375 1868 408 1901 et
445 1867 574 1908 currit,
620 1877 691 1902 mm
728 1866 792 1902 dat
829 1866 887 1902 sai
922 1866 1127 1909 facultatem
1143 1862 1147 1866 ’
1165 1868 1198 1903 et
1235 1876 1369 1903 omnem
1404 1867 1510 1902 icttom

191 1932 449 1975 venientemque
471 1927 625 1974 fdrmwm
649 1932 823 1967 exturbat.
877 1928 935 1967 Sic
961 1928 1112 1977 quidem
1137 1940 1157 1967 e
1184 1928 1309 1968 codice
1335 1928 1366 1967 B
1392 1928 1511 1967 edidit

192 1992 404 2032 Fickertus.
458 1994 510 2031 At
540 1993 655 2041 plura
693 1995 784 2032 sunt
807 2004 905 2041 quae
931 1994 971 2032 in
997 1993 1068 2032 hac
1094 1994 1283 2042 scriptura
1308 1992 1510 2033 offendant.

193 2057 291 2096 Nam
316 2058 481 2106 primum
508 2058 658 2106 quidem
680 2057 795 2096 verba
820 2063 1076 2106 venientemque
1098 2062 1262 2105 formam,
1287 2069 1363 2098 non
1380 2058 1510 2098 addito

192 2122 292 2162 unde
318 2123 445 2163 veniat
487 2123 552 2162 illa
594 2123 727 2172 forma,
769 2124 978 2173 displicent.
1031 2124 1128 2164 Tum
1167 2135 1240 2165 vox
1266 2129 1432 2170 ‹ea-turbat
1455 2124 1509 2164 rei

192 2197 329 2235 parum
362 2190 456 2236 apta
480 2188 649 2236 videtur3
684 2188 830 2227 accedit
855 2189 956 2236 quod
982 2199 1056 2227 non
1082 2189 1284 2229 verisimile
1309 2192 1369 2229 est
1392 2190 1508 2238 scrip-

192 2255 326 2300 torem,
354 2252 555 2292 verborum
590 2253 745 2293 minime
779 2253 941 2302 inopem,
968 2257 1049 2293 tam
1079 2255 1216 2303 exiguo
1242 2255 1368 2304 spatio
1393 2255 1509 2294 inter-

191 2317 306 2358 misso
329 2317 428 2357 idem
453 2318 634 2359 turbandi
647 2318 805 2358 verbum
830 2319 1022 2368 repetisse.
1060 2320 1186 2370 Atque
1211 2320 1292 2369 ipse
1309 2320 1510 2361 Fickertus

192 2384 356 2423 veritate
386 2383 499 2423 huius
525 2384 630 2423 verbi
663 2383 809 2428 diffisus
835 2385 1032 2433 proposuit
1055 2388 1099 2424 ut
1128 2385 1354 2426 scriberetur
1380 2391 1510 2426 exstin-

188 2452 279 2498 quit,
304 2448 405 2498 quod
430 2448 541 2488 nimis
567 2449 708 2489 recedit
733 2460 756 2488 a
781 2448 931 2489 traditis
957 2449 1105 2498 litteris,
1125 2450 1229 2493 etjn
1254 2454 1408 2498 formam
1424 2454 1508 2491 tan-

191 2517 282 2561 tam,
309 2526 385 2554 non
410 2526 531 2564 aeque
558 2515 596 2554 in
621 2521 729 2555 tetam
745 2515 921 2566 quadrat.
975 2516 1211 2556 Adiuvamur
1226 2516 1505 2566 aliquantulum
