1735 2760
823 132 886 172 '47

321 252 487 292 Restant
519 252 637 300 igitur
668 251 848 290 adverbia
883 262 957 290 non
989 252 1037 291 ab
1063 252 1258 291 adieetivis
1280 252 1453 291 derivata
1476 255 1515 290 et

203 316 425 365 plerumque
462 318 643 365 temporis
680 317 865 355 rationem
905 317 1156 366 designantia,
1193 328 1353 365 quorum
1394 318 1514 356 maior

201 392 291 429 pars
330 382 483 421 exhibet
517 397 569 421 ac.
622 382 749 421 Solum
788 382 939 430 quidem
973 397 1038 429 que
1065 383 1251 421 adnexum
1280 385 1339 421 est
1364 382 1424 421 his
1447 383 1513 421 ad-

206 446 341 487 verbiis
365 451 573 495 interdumq.
601 447 649 486 di.
679 447 710 485 V
736 447 773 492 4,
799 448 834 486 2.
870 451 1029 495 iterumq.
1056 459 1091 486 n.
1119 459 1153 497 q.
1182 448 1240 486 ΠΙ
1267 449 1326 495 28,
1354 448 1389 486 6.
1427 459 1463 487 n.
1477 458 1512 496 q.

206 513 259 551 VI
285 514 350 561 30,
385 514 421 551 4.
471 524 506 551 n.
535 524 570 562 q.
597 513 650 551 VI
676 514 736 560 31,
774 514 809 552 3.
852 517 972 561 satisq.
1005 524 1062 562 ep.
1090 513 1150 563 94,
1179 514 1236 551 10.
1280 525 1338 562 ep.
1365 514 1425 561 95,
1453 515 1511 553 33.

202 583 339 626 simulq'.
365 579 416 617 di.
442 579 481 616 II
508 580 543 625 2,
571 580 605 616 2.
646 582 816 625 tandemq.
844 589 879 615 n.
907 589 942 626 q.
968 578 1020 616 IV
1035 579 1070 627 2,
1096 579 1131 616 5.
1170 583 1300 626 ultr-aq.
1327 590 1363 617 n.
1392 590 1427 626 q.
1454 579 1512 617 III

204 643 261 688 11,
288 643 324 681 4.
364 642 579 682 Promiscue
617 645 744 680 autem
771 642 998 681 adhibentur
1026 657 1067 681 ac
1093 647 1131 681 et
1156 657 1221 690 que
1249 643 1308 683 his
1334 644 1443 681 locis:
1472 657 1514 681 ae

200 713 272 746 tam
305 719 340 747 n.
368 718 403 755 q.
433 708 502 746 VII
529 709 564 758 8,
595 710 626 746 1.
679 707 726 746 di.
752 708 806 746 XI
833 709 867 755 8,
895 709 930 747 2.
974 714 1076 756 tamq.
1102 719 1160 756 ep.
1187 709 1247 756 98,
1278 710 1336 747 10.
1380 708 1430 747 di.
1457 708 1512 746 XI

205 773 262 823 11,
286 774 333 812 6.Ι
372 773 498 812 Dubia
525 773 639 812 lectio
671 777 729 812 est
762 774 810 812 di.
839 774 897 812 III
927 775 959 820 1,
988 775 1022 811 6.
1076 774 1174 812 Nam
1209 774 1309 820 quod
1336 774 1407 812 hoc
1432 774 1512 812 loco

200 838 376 876 scribitur
414 851 437 877 a
472 823 647 878 ffickeffo
686 841 726 877 et
765 839 906 878 Haasio
933 845 1003 878 tam
1029 843 1242 878 horrendum
1269 845 1407 886 tamque
1425 853 1513 886 per-

201 907 370 941 niciosum
402 903 537 943 codicis
564 905 595 941 A
633 903 706 942 fide
735 915 809 942 non
833 903 1026 951 firmatur,
1065 905 1124 942 cui
1152 904 1250 942 inest
1288 910 1360 942 twm
1379 908 1413 942 Ῑι.
1441 910 1510 942 tam

199 972 508 1018 perniciosumque,
546 969 646 1008 unde
672 968 801 1007 eodem
827 969 910 1008 iure
935 968 1076 1009 efficias
1102 974 1126 1006 t.
1150 973 1182 1007 h.
1209 973 1512 1016 perniciosumque

201 1035 270 1070 aut
296 1032 413 1070 etiam
439 1039 462 1071 t.
490 1037 523 1071 h.
552 1039 623 1072 tam
641 1037 889 1080 perniciosum.

320 1117 363 1142 ac
388 1108 461 1142 iam
484 1116 542 1153 ep.
571 1104 630 1151 67,
658 1104 692 1143 9.
731 1104 767 1142 d.
796 1103 830 1143 b.
856 1104 910 1142 VI
936 1104 996 1151 24,
1024 1105 1060 1141 2.
1111 1107 1216 1151 iamq.
1244 1114 1301 1151 ep.
1329 1104 1390 1150 47,
1418 1104 1455 1142 7.

320 1183 362 1207 ac
387 1174 446 1207 viz
472 1182 528 1218 ep.
559 1171 640 1216 110,
670 1171 727 1208 13.
767 1175 858 1217 vioeq.
886 1181 944 1217 ep.
972 1170 1032 1215 95,
1060 1169 1120 1207 61.
1160 1170 1208 1208 di.
1236 1169 1289 1207 IV
1318 1170 1376 1217 12,
1402 1170 1436 1208 4.

321 1246 362 1271 ae
387 1238 563 1281 paulatim
592 1235 639 1272 di.
660 1235 725 1281 13,
749 1235 805 1272 12.
831 1238 1039 1281 paulatimq.
1068 1234 1117 1273 di.
1132 1233 1164 1271 V
1180 1235 1214 1280 8,
1229 1235 1264 1272 3.
1291 1234 1339 1272 di.
1354 1234 1388 1272 X
1404 1236 1461 1280 13,
1476 1236 1511 1272 5.

322 1313 365 1337 ac
389 1313 526 1346 semper
549 1311 606 1348 ep.
635 1301 692 1344 11,
721 1301 755 1339 8.
794 1311 850 1346 ep.
881 1299 937 1345 19,
966 1300 999 1337 8.
1042 1310 1098 1348 ep.
1126 1300 1185 1346 25,
1212 1301 1247 1338 5.
1286 1313 1455 1348 semper-q.
1475 1301 1512 1338 d.

255 1362 289 1401 b.
315 1363 385 1401 VII
415 1365 447 1407 1,
476 1364 509 1402 7.

323 1434 480 1473 Duabus
513 1421 646 1474 'tamen
684 1446 732 1473 ex
773 1435 894 1474 causis
921 1436 1110 1483 integrum
1137 1445 1211 1473 non
1237 1435 1387 1473 videtur
1413 1434 1513 1482 quod

202 1498 345 1550 legitur
370 1509 428 1547 ep.
458 1499 515 1548 19,
546 1500 569 1537 8
601 1503 737 1547 aliquid
761 1504 794 1537 et
810 1513 881 1547 pro
905 1504 972 1537 otio
998 1503 1196 1538 audendum
1222 1505 1274 1538 est
1300 1505 1362 1537 aut
1388 1503 1426 1537 in
1445 1504 1513 1538 ista

203 1569 436 1604 sollicitudine
454 1571 745 1612 procurationum
762 1571 794 1604 et
817 1569 940 1604 deinde
956 1569 1172 1604 urbanorum
1188 1568 1382 1612 officiorum
1399 1579 1513 1604 senes-

205 1633 351 1668 cendmn
387 1635 426 1668 in
461 1635 610 1669 tumultu
647 1645 688 1669 ac
719 1644 853 1677 semper
879 1635 978 1669 novis
999 1635 1171 1676 fluctibus.
1223 1630 1323 1669 Nam
1348 1632 1513 1679 primum

205 1695 356 1742 quidem
387 1708 455 1745 per
487 1707 526 1735 se
553 1696 726 1745 displicet
751 1706 823 1735 vox
849 1700 1094 1735 senescendum
1110 1696 1166 1735 ad
1193 1696 1378 1745 duplicem
1405 1707 1513 1745 prae·

203 1760 425 1809 positionem
456 1765 494 1799 in
521 1764 561 1799 et
585 1761 869 1799 antecedentem
896 1763 935 1799 et
961 1765 1179 1809 sequentem
1204 1760 1338 1808 relata,
1365 1771 1439 1807 quo
1470 1759 1514 1797 fit

203 1828 247 1864 ut
272 1826 382 1865 valde
423 1826 597 1865 laedatur
639 1827 819 1866 orationis
862 1826 1063 1875 elegantia.
1129 1827 1284 1866 Accedit
1310 1826 1430 1873 quod,
1469 1829 1512 1863 ut

204 1889 430 1929 Chatelainii
457 1892 667 1930 conlatione
694 1892 881 1934 docemur,
908 1902 955 1928 ne
980 1891 1121 1939 legitur
1147 1891 1298 1938 quidem
1325 1892 1361 1929 in
1388 1891 1513 1929 codice

203 1967 229 2004 p
261 1960 522 2004 senescendum,
562 1957 627 1996 sed
657 1962 849 1995 senescente
885 1968 908 1995 a
941 1956 1064 2005 prima
1095 1967 1210 1995 manu
1247 1956 1426 2005 seriptum
1439 1985 1448 2003 ,
1490 1966 1514 1994 a

204 2022 378 2068 secunda,
405 2023 462 2060 cui
491 2023 589 2060 male
615 2022 729 2061 cessit
754 2022 961 2069 corrigendi
986 2022 1173 2069 voluntas,
1199 2035 1384 2060 senescere.
1428 2021 1513 2059 Duo

204 2096 294 2137 ergo
328 2086 443 2126 verba
480 2087 517 2126 in
557 2098 675 2126 unum
709 2086 932 2127 confluxisse
958 2087 1152 2138 videntur,
1197 2097 1358 2135 quorum
1395 2087 1513 2136 prius,

202 2152 304 2199 quod
328 2153 452 2190 adhuc
482 2155 617 2199 exstat,
643 2158 846 2197 senescente,
870 2153 905 2190 id
932 2155 992 2191 est
1017 2158 1206 2191 senescenti
1223 2153 1271 2191 ad
1288 2154 1416 2201 priora
1432 2156 1514 2192 tra-

203 2217 370 2256 hendum
398 2220 456 2257 est
482 2221 521 2257 et
545 2217 785 2257 inserendum
798 2216 1020 2256 vocabulum
1050 2216 1181 2256 melius
1201 2228 1410 2267 congruens
1429 2228 1512 2256 cum

202 2284 352 2322 vocibus
383 2288 492 2329 fluctu
520 2288 559 2322 et
584 2287 795 2322 tumultibus.
846 2283 951 2322 Nihil
978 2293 1066 2321 vero
1093 2284 1187 2322 certi
1214 2294 1297 2322 cum
1324 2284 1515 2323 enucleari

204 2350 333 2397 possit,
359 2349 474 2388 dubia.
500 2349 715 2388 coniectura
734 2348 792 2387 usi
813 2347 1044 2387 laborandum
1061 2351 1130 2387 aut
1147 2348 1224 2387 tale
1243 2349 1385 2396 aliquid
1399 2340 1513 2387 inter-

204 2414 337 2454 cidisse
363 2415 615 2462 suspicamur.

331 2479 459 2519 Solum
486 2482 613 2518 autem
640 2492 683 2517 ac
707 2478 918 2518 adhibitum
945 2481 1004 2517 est
1030 2478 1088 2518 his
1114 2479 1219 2518 loeis:

288 2557 329 2581 ac
347 2547 477 2589 penitus
498 2557 549 2588 ep.
576 2547 623 2585 19,
646 2547 676 2578 3.
731 2555 771 2578 ac
786 2555 892 2587 paene
914 2544 959 2577 di.
983 2544 1042 2577 VH
1066 2546 1116 2586 12,
1139 2546 1168 2577 2.
1222 2555 1262 2578 ac
1282 2544 1511 2588 propemodum
