1735 2760
853 94 877 135 5

207 218 309 251 Μαι
344 216 385 253 et
406 227 607 261 procerum,
643 214 698 253 sic
724 217 764 253 et
788 214 826 253 in
853 214 908 253 eis
939 225 1039 264 quae
1064 216 1244 254 secuntur
1270 217 1411 255 certam
1438 226 1519 255 ver-

205 276 349 335 borum·
381 278 655 327 oppositionem
693 278 960 319 desideramus.
1019 279 1129 319 Nunc
1167 282 1297 319 autem
1338 283 1383 319 ut
1417 279 1518 319 dicta

204 344 295 381 sunt
320 342 456 390 verba,
499 353 575 381 uno
601 346 641 382 et
665 346 768 383 certo
793 344 961 383 membro
984 344 1179 383 nominato
1207 345 1246 383 in
1272 356 1412 384 vanum
1437 345 1518 385 abit

203 406 384 447 orationis
424 406 605 456 gravitas,
646 418 761 457 quam
796 409 973 449 restituet
999 409 1065 458 qui
1090 420 1177 448 cum
1203 409 1345 450 Haasio
1370 413 1519 450 resecat

202 471 319 511 verba
343 486 385 512 ac
408 477 536 511 misso
561 477 674 523 oculo,
708 484 806 522 quae
830 473 962 514 addita
985 485 1068 515 esse
1093 475 1268 514 videntur
1288 476 1338 515 ab
1362 476 1515 515 homine

162 561 168 565 —
200 537 398 578 recordato
437 537 538 578 inter
570 549 634 581 eas
659 539 907 586 calamitates,
935 550 1033 590 quae
1058 539 1268 591 sapientem
1294 552 1339 580 ex
1364 540 1516 590 aequali

199 600 390 642 felicitatis
422 605 527 641 statu
566 615 640 643 nou
673 605 900 654 propellant,
926 605 1026 645 hanc
1051 616 1201 655 quoque
1226 607 1429 654 nominari3
1471 606 1519 646 cf.

202 666 302 714 enim
328 678 427 716 quae
451 667 499 709 de
525 667 656 708 eadem
681 667 754 709 hac
778 679 821 708 re
845 667 968 710 fusius
992 669 1231 710 disseruntur
1252 681 1309 720 ep.
1335 671 1371 719 9,
1398 671 1434 709 4.

835 834 884 874 11.

320 910 367 949 In
397 910 658 950 coniunctione
689 910 849 950 duorum
877 910 1075 950 verborum
1102 922 1171 959 per
1196 908 1423 959 particulam
1448 925 1515 959 que

204 975 318 1015 facta-
332 975 380 1027 de
403 976 458 1015 eis
482 978 633 1016 tantum
647 975 771 1016 verbis
796 986 864 1016 nos
882 978 1035 1016 acturos
1053 987 1146 1024 esse,
1172 987 1271 1025 quae
1287 970 1362 1015 non
1375 975 1517 1017 distra-

202 1040 346 1080 hantur
367 1040 416 1079 ad
443 1040 592 1081 diversa
615 1040 822 1088 enuntiata,
849 1041 913 1080 vix
939 1044 999 1081 est
1026 1042 1129 1090 quod
1153 1041 1349 1081 addamus.
1388 1040 1516 1081 Pauca

204 1108 294 1145 sunt
332 1116 402 1146 nec
440 1117 486 1145 ea
520 1104 765 1153 sufficientia,
804 1115 902 1154 quae
927 1109 1052 1146 caute
1076 1108 1122 1145 ut
1147 1106 1206 1146 fas
1233 1109 1332 1153 erat,
1375 1105 1422 1146 de
1447 1106 1519 1146 hac

202 1171 447 1220 componendi
473 1172 619 1211 ratione
644 1171 859 1221 Draegerus
886 1171 975 1211 dicit
1000 1182 1037 1220 p.
1065 1172 1115 1211 40
1136 1171 1233 1220 libri,
1261 1172 1319 1211 cui
1344 1171 1515 1212 inscribi·

199 1239 265 1276 tur
294 1235 543 1283 ‘Historische
576 1237 721 1287 Syntax
761 1238 828 1277 der
864 1238 932 1277 lat.
971 1231 1161 1286 Sprache'.
1213 1237 1298 1277 Non
1334 1237 1432 1276 enim
1460 1238 1513 1277 ita

179 1313 314 1359 ‘saepe
350 1316 417 1351 que
440 1302 489 1341 ad
514 1303 776 1352 coniungenda
800 1304 875 1343 duo
900 1303 1017 1343 verba
1042 1302 1253 1343 adhibitum
1280 1314 1364 1343 esse
1388 1306 1509 1352 putat.

200 1366 279 1406 Nec
303 1367 367 1416 qui
393 1366 643 1417 perexiguum
667 1379 867 1407 numerum
881 1369 1080 1408 verborum
1104 1368 1307 1416 perlegerit
1322 1369 1510 1407 communi

198 1432 468 1472 consuetudine
488 1433 676 1473 sermonis
702 1436 949 1483 receptorum,
979 1432 1106 1481 qualia
1126 1435 1215 1472 sunt
1231 1446 1337 1481 aqere
1350 1434 1390 1472 et
1398 1432 1510 1481 ferre,

196 1500 312 1538 vivere
349 1500 389 1537 et
413 1501 550 1547 vigere,
592 1509 720 1537 errore
744 1497 979 1547 Draegerum
1003 1497 1156 1546 lapsum
1182 1497 1322 1536 credet.
1373 1497 1511 1546 Ingens

198 1567 328 1603 tamen
353 1563 461 1613 copia
478 1562 712 1603 obfundetur*
727 1562 864 1601 talium
884 1562 1195 1611 compositionum
1214 1560 1378 1601 Senecae
1396 1560 1512 1602 libros

199 1629 411 1675 evolventi,
447 1639 542 1677 quas
579 1628 618 1667 in
656 1630 860 1675 conspectu
896 1628 985 1675 poni
1021 1639 1042 1666 e
1080 1640 1122 1666 re
1161 1638 1242 1666 esse
1267 1626 1403 1666 iudico.
1456 1627 1512 1666 Ac

197 1686 362 1743 primum
387 1693 549 1741 quidem·
566 1693 613 1733 de
638 1692 770 1732 formis
787 1692 987 1731 verborum
1013 1695 1142 1731 utrum
1170 1694 1293 1731 certas
1320 1691 1423 1740 leges
1441 1691 1512 1731 sibi

199 1757 369 1808 posuerit
394 1760 527 1797 auctor
552 1768 601 1796 an
626 1768 755 1798 omnes
780 1768 900 1806 aeque
926 1757 1141 1796 adhibuerit
1167 1768 1408 1806 quaeramus.
1452 1757 1513 1795 In-

197 1816 342 1862 finitive
372 1820 482 1862 modo
508 1822 620 1862 activi
646 1823 794 1872 generis
819 1836 885 1870 que
911 1822 1099 1861 adiectum
1127 1833 1174 1861 ne
1200 1822 1303 1869 apud
1329 1821 1511 1861 Senecam

197 1888 349 1937 quidem
373 1889 574 1938 invenitur,
599 1901 685 1929 cum
703 1893 884 1939 respuant
902 1899 1026 1938 aures,
1049 1890 1215 1937 utputo,
1240 1887 1508 1937 conreptarum

201 1952 436 2003 syllabarum
472 1952 724 2002 frequentiam
759 1953 1042 2002 periculumque
1067 1953 1118 1992 sit
1142 1963 1189 1990 ne
1217 1953 1273 1991 vis
1299 1952 1410 1991 huius
1437 1952 1510 1991 for·

199 2029 284 2058 mae
308 2019 434 2068 posita
458 2018 497 2057 in
523 2030 586 2066 eo,
626 2023 670 2059 ut
692 2018 804 2068 plane
828 2017 1056 2058 exaudiatur
1081 2017 1211 2068 littera
1235 2016 1378 2065 finalis,
1417 2028 1509 2057 sono

197 2084 322 2124 minus
348 2084 450 2123 claro
475 2088 711 2123 extenuetur.
763 2082 942 2123 Infinitivi
969 2094 1058 2121 vero
1085 2084 1227 2132 passivi
1252 2083 1400 2131 generis
1425 2095 1510 2123 cum

197 2152 312 2191 acuta
336 2148 516 2193 finiantur
541 2150 673 2196 vocali,
700 2149 775 2189 tuti
801 2152 891 2189 sunt
914 2148 961 2187 ab
988 2148 1055 2187 illo
1077 2148 1320 2188 obscuritatis
1346 2148 1509 2197 periculo

196 2225 357 2264 eamque
383 2214 431 2254 ob
457 2226 613 2255 causam
640 2214 853 2255 identidem
871 2217 1041 2256 exstant:

283 2280 371 2312 ms
390 2280 539 2322 amq.
564 2280 610 2313 di.
632 2280 679 2313 111
701 2281 753 2321 1⁷,
777 2281 804 2313 1.
843 2279 972 2314 laeam
993 2280 1110 2321 laediq.
1132 2290 1182 2321 ep.
1206 2280 1258 2321 95,
1280 2280 1333 2313 49.

283 2337 335 2370 uu·
353 2336 458 2379 [ναι-ς.
480 2337 525 2370 ai.
554 2337 601 2369 xl
630 2338 680 2379 10,
710 2337 739 2370 1.
802 2336 945 2380 yonam
974 2336 1123 2378 παιωνίᾳ.
1152 2336 1196 2369 ai.
1219 2337 1266 2370 1v
1287 2338 1318 2378 c,
1342 2339 1372 2369 2.
1437 2338 1511 2379 ωρι-

283 2394 457 2436 comenia.
478 2405 530 2437 ep.
553 2395 605 2436 52,
627 2395 657 2427 4.
721 2393 816 2427 caedi
836 2394 982 2435 vexariq.
1005 2394 1051 2427 di.
1075 2394 1091 2426 1
1113 2394 1143 2435 2,
1166 2396 1196 2427 3.
1249 2395 1410 2428 concitavi
1436 2405 1509 2427 con·

284 2445 445 2495 ἰηὀέᾳης.
469 2452 514 2486 di.
537 2452 582 2486 lv
604 2453 635 2497 7,
658 2452 688 2486 1.
750 2452 894 2487 oranaim-s·
920 2452 1074 2495 calamiq,
1103 2452 1148 2485 di.
1176 2451 1205 2486 V
1232 2453 1284 2494 21,
1310 2453 1341 2486 2.
1405 2452 1510 2486 aemi

283 2509 386 2552 tanay.
405 2521 438 2543 n.
461 2521 492 2553 q.
514 2510 545 2542 11
568 2511 619 2543 4⁷.
684 2511 767 2544 solvi
786 2510 933 2552 vim.
956 2521 978 2543 n
1014 2520 1046 2552 q.
1069 2510 1130 2544 V11
1154 2512 1205 2552 18,
1229 2511 1260 2545 3.
