1735 2760
780 159 783 161 -
810 130 860 169 63

265 243 361 298 quos)
381 254 456 287 spes
474 256 562 280 vana
585 246 704 280 delusit
728 257 783 289 ep.
805 247 857 290 74,
879 248 910 281 9.
952 255 1074 281 necesse
1096 249 1143 280 est
1165 255 1245 280 aera
1266 245 1397 279 onerari
1420 254 1493 278 one-

267 295 406 344 ratamq.
430 303 660 338 incumberen.
682 315 713 346 q.
735 305 764 338 V
788 307 838 347 14,
866 307 897 339 3.

298 359 500 400 Nominum
528 363 657 402 autem
675 363 851 413 exempla
867 373 953 402 cum
978 372 1052 401 non
1079 361 1205 401 omnia
1223 361 1392 401 eiusdem
1416 361 1493 400 sint

181 425 417 474 condicionis,
444 428 565 468 satius
591 428 742 468 videtur
768 439 842 468 non
866 440 940 468 uno
955 429 1036 468 loco
1062 428 1162 478 poni,
1190 428 1258 467 sed
1283 428 1322 466 in
1342 426 1492 466 diversa
1560 427 1564 431 ’

178 490 320 538 genera
344 491 474 540 digeri.
526 491 771 533 Proferantur
806 504 895 543 ergo
929 493 1104 542 primum,
1132 493 1196 532 ubi
1220 503 1385 541 persona
1408 502 1499 539 per--

178 565 293 595 sonae
319 557 487 596 accedit:

264 621 361 654 daces
384 622 534 664 ducamq.
552 617 743 665 proqmiem
764 624 809 656 di.
832 623 879 656 XI
905 625 953 665 11,
984 624 1015 656 4.
1080 623 1248 665 Scipiones
1274 622 1492 664 Scipionumq.

263 682 382 713 matres
402 680 447 712 di.
470 680 515 714 VI
539 680 588 721 16,
611 683 640 713 5.
684 685 817 715 senatus
834 681 1010 724 populasq.
1039 684 1156 714 senata
1183 680 1300 713 similis
1324 679 1368 713 di.
1393 679 1439 711 IX
1460 679 1491 720 5,

264 739 294 769 6.
336 738 464 780 reyt’lms
484 748 602 780 reyesq.
623 740 853 773 simulantibus
875 739 908 772 d.
933 739 966 772 b.
989 738 1033 772 VI
1057 740 1109 781 34,
1133 741 1161 771 1.
1228 738 1305 772 deos
1326 737 1489 778 deorum.

265 796 415 829 aemulos.
438 806 488 838 ep.
511 797 563 838 59,
587 798 635 829 18.

293 851 372 893 Nec
398 857 456 893 est
480 854 581 903 quod
606 854 820 894 dubitemus
854 854 942 894 huic
968 854 1096 903 generi
1123 853 1301 899 inserere,
1336 852 1488 892 etiamsi

177 928 253 957 non
279 918 446 958 eiusdem
472 919 632 959 nominis
656 918 701 958 fit
726 919 911 969 repetitio,
937 920 1008 958 hos
1032 919 1149 958 locos:

232 1023 235 1030 Ι
262 983 491 1026 occupationes
523 984 662 1032 divitum
696 985 988 1027 concursationesq.
1021 984 1067 1017 ad
1099 984 1237 1017 divitias
1266 983 1412 1016 cantiam
1433 959 1488 1024 ep.

264 1042 314 1082 17,
346 1043 377 1074 9.
444 1041 566 1074 deinde
592 1042 726 1083 sapiens
756 1043 1023 1083 adfectatorq.
1051 1042 1236 1083 sapientiae
1266 1041 1311 1074 di.
1335 1040 1369 1073 11
1394 1042 1444 1082 19,
1467 1043 1486 1073 3

263 1101 298 1131 et
319 1098 452 1140 sapiens
474 1098 741 1141 adsectatorq.
764 1100 948 1141 sapientiae
969 1110 1020 1141 ep.
1043 1100 1095 1140 65,
1118 1100 1168 1131 18.

297 1156 471 1204 Utroque
495 1157 565 1196 hoc
601 1156 692 1205 loco,
729 1160 773 1196 ut
798 1157 913 1197 verba
944 1157 1092 1207 docent,
1126 1155 1317 1206 perfectus
1341 1155 1404 1196 ille
1430 1154 1489 1194 vir

178 1221 243 1270 qui
268 1221 317 1260 ad
343 1233 470 1261 arcem
487 1222 695 1270 sapientiae
718 1223 794 1260 iam
812 1222 995 1271 pervenit,
1024 1222 1227 1270 opponitur
1255 1222 1291 1260 ei
1308 1222 1374 1270 qui
1398 1231 1488 1260 con-

178 1286 263 1326 silio
289 1287 441 1342 quidem
468 1288 507 1325 et
531 1287 726 1327 voluntate
743 1298 814 1337 par
839 1287 966 1335 priori,
991 1286 1156 1325 nondum
1174 1289 1302 1326 tamen
1328 1287 1366 1324 in
1385 1296 1486 1326 sum-

180 1363 284 1392 mum
308 1350 469 1402 gradum
486 1351 693 1409 adscendit,
720 1355 835 1401 atque
848 1352 948 1391 hunc
972 1352 1136 1391 alterum
1156 1351 1221 1400 qui
1236 1351 1486 1400 adfectatorem

178 1422 374 1466 sapientiae
403 1417 603 1471 vocaverit,
637 1420 726 1467 apto
764 1417 914 1457 nomine
945 1420 1083 1457 utetur.
1134 1416 1241 1457 Idem
1275 1420 1403 1457 autem
1440 1417 1487 1457 de

176 1493 267 1524 voce
293 1486 488 1533 adsectator
512 1492 587 1520 non
611 1482 743 1529 iudico,
771 1483 885 1521 immo
911 1482 1040 1521 dubito
1066 1482 1136 1521 hoc
1153 1483 1305 1530 quidem
1330 1484 1412 1523 loco
1439 1484 1486 1522 de

177 1548 339 1586 veritate
364 1548 454 1594 eius,
479 1547 567 1586 licet
593 1550 632 1586 et
657 1546 715 1585 hic
740 1547 909 1586 codicum
930 1547 1158 1585 auctoritate
1184 1546 1421 1596 defendatur,
1448 1551 1488 1587 et

175 1612 235 1652 bis
259 1616 456 1652 adsectator
475 1616 674 1659 sapientiae
694 1611 842 1659 legatur
856 1612 956 1659 apud
969 1611 1144 1657 Plinium,
1162 1616 1283 1658 patris
1305 1616 1487 1651 cuiusdam

176 1681 313 1717 Philini
336 1681 563 1717 adsectatoris
585 1680 777 1724 sapientiae
788 1675 882 1715 VIII
903 1676 962 1724 17,
995 1677 1042 1714 21
1060 1678 1099 1714 et
1123 1679 1263 1715 Sextius
1283 1690 1302 1715 e
1316 1680 1488 1716 Romanis

176 1746 370 1790 saptentiae
406 1733 679 1781 adsectatoribus
718 1741 845 1780 XV111
884 1742 944 1787 28,
983 1742 1043 1779 68.
1107 1741 1180 1780 Sed
1219 1744 1383 1791 utroque
1406 1743 1487 1781 1000

177 1818 253 1848 non
278 1807 325 1846 de
351 1818 396 1847 eo
430 1807 598 1855 loquitur
632 1809 764 1846 auctor
797 1806 860 1855 qui
890 1806 1062 1846 omnibus
1094 1806 1235 1845 viribus
1267 1806 1316 1846 ad
1341 1808 1486 1856 sapien-

176 1872 271 1912 tiam
296 1872 431 1916 tendit,
459 1871 526 1911 sed
551 1872 598 1910 de
623 1882 667 1911 eo
691 1871 755 1919 qui
792 1871 831 1909 in
856 1871 1114 1920 philosophiae
1146 1870 1273 1910 studio
1300 1875 1485 1919 versatur,

175 1936 231 1977 ita
255 1938 300 1976 ut
326 1936 427 1986 apud
455 1935 618 1975 Plinium
643 1936 837 1986 propriam
872 1935 948 1974 vim
973 1946 1082 1975 suam
1119 1935 1288 1976 obtineat
1315 1947 1391 1976 vox
1421 1941 1486 1977 aa·

174 2008 334 2050 sectator,
371 2002 466 2041 solet
502 2001 601 2041 enim
634 2012 680 2040 ea
705 1999 907 2049 significari
946 2001 1011 2048 qui
1048 2002 1226 2040 comitem
1264 2013 1306 2042 se
1330 2002 1487 2051 praebet

176 2067 299 2114 alicui,
325 2076 444 2116 quare
469 2068 674 2113 utrumque
698 2065 855 2103 verbum
879 2069 969 2114 apte
993 2066 1234 2107 coniunctum
1261 2067 1356 2116 legis
1382 2068 1486 2115 apud

175 2133 301 2182 ipsum
325 2132 506 2171 Senecam
546 2135 741 2170 adsectator
767 2144 941 2178 comesque
971 2130 1019 2169 di.
1047 2131 1100 2169 IX
1127 2132 1160 2179 1,
1188 2132 1211 2170 8
1238 2131 1487 2181 similiterque

178 2198 280 2249 apud
306 2196 379 2237 Cic.
404 2206 474 2247 pro
499 2195 617 2235 Balbo
644 2195 706 2245 27,
736 2196 784 2234 62
823 2209 899 2235 cam
938 2200 1102 2235 comitatu
1136 2200 1487 2246 adsectatoribusque.

176 2266 302 2312 Atque
328 2268 468 2303 natura
507 2262 612 2301 verbi
651 2272 694 2300 eo
732 2260 816 2308 fert,
850 2264 894 2300 ut
918 2264 1169 2310 componatur
1192 2275 1278 2303 cum
1305 2263 1485 2313 personis,

175 2339 262 2369 cum
286 2329 399 2369 rebus·
431 2327 678 2376 compositum
704 2329 858 2375 praeter
889 2326 959 2366 hos
988 2326 1100 2366 Plinii
1125 2331 1165 2367 et
1189 2328 1297 2367 illum
1322 2328 1486 2368 Senecae

175 2396 299 2434 locum
326 2405 401 2433 non
426 2392 566 2440 inveni;
601 2402 689 2430 nam
722 2391 825 2439 apud
855 2391 1016 2431 eundem
1047 2392 1211 2433 Plinium
1243 2393 1370 2432 XXIX
1399 2395 1433 2441 1,
1459 2394 1483 2431 5

174 2460 273 2500 inter
297 2459 413 2499 verba
438 2462 649 2507 eloquentiae
678 2461 878 2497 adsectator
916 2459 1020 2497 recte
1053 2458 1304 2500 distinctionis
1332 2459 1482 2508 signum

174 2525 300 2575 posuit
335 2523 406 2564 Ad.
445 2523 703 2573 KiesslingiuS.
752 2523 908 2563 Meliore
946 2533 1036 2573 ergo
1073 2524 1154 2563 iure
1190 2524 1222 2564 si
1262 2524 1339 2563 vim
1378 2524 1482 2563 verbi
