1735 2760
808 107 857 147 51

298 226 390 271 facis
413 227 507 272 quod
531 228 781 273 quandoque
799 225 1001 275 faciendum
1026 231 1078 265 est
1103 235 1140 263 n.
1168 235 1204 272 q.
1230 225 1282 263 VI
1307 226 1367 273 32,
1394 227 1428 264 6.

301 287 456 329 Falsum
491 288 642 337 quidem
676 300 751 328 non
785 290 858 330 erit
881 290 1058 330 iudicium
1085 290 1167 329 eius
1193 291 1259 339 qui
1284 295 1490 338 quandoque

180 353 227 392 (10
235 351 388 407 ,futuro
420 356 589 404 tempore
623 354 684 395 hic
717 358 942 405 usurpatum
977 365 1101 403 neque
1136 355 1240 393 aliud
1275 366 1358 395 esse
1387 356 1489 394 dicat

179 429 295 466 quam
330 422 531 467 aliquando.
594 420 699 459 Idem
730 423 858 459 tamen
887 420 1077 469 concedet,
1109 421 1252 470 opinor,
1287 420 1487 461 discrimen

179 483 363 524 interesse
397 483 495 523 inter
527 483 597 525 hos
630 484 732 525 locos
768 487 807 524 et
842 484 927 525 illos
959 485 1115 534 priores.
1167 484 1253 524 Non
1279 486 1378 525 enim
1406 486 1488 526 sola

177 549 359 597 temporis
386 549 608 598 significatio
634 550 731 589 inest
753 550 847 599 voci,
874 550 940 592 sed
967 551 1112 590 accedit
1137 551 1350 591 adfirmatio
1372 563 1488 602 quae,

178 612 286 663 dam,
320 623 397 662 qua
421 612 465 652 fit
494 616 538 652 ut
564 618 770 662 quandoque
794 613 898 654 haud
922 615 977 654 ita
1001 616 1132 665 procul
1159 616 1260 655 absit
1284 616 1332 656 ab
1357 622 1488 665 utiqua

296 681 511 727 Quandoque
543 689 612 727 pro
644 683 919 728 quandocunque
954 680 1095 719 dictum
1129 681 1269 720 iudices
1308 693 1345 720 11.
1372 692 1408 729 q.
1436 682 1489 728 VI

179 745 215 792 2,
244 744 265 782 7
290 757 440 784 necesse.
461 749 513 783 est
534 748 626 783 mori
650 748 863 794 ubicunqw,
895 750 1165 794 quandoque.
1218 746 1327 785 Duae
1359 748 1488 785 tamen

176 819 313 849 causae
339 809 577 849 dubitantem
602 820 663 850 me
687 809 831 850 faciunt
855 810 902 849 (10
925 811 1085 851 veritate
1111 811 1333 861 scripturae.
1387 811 1484 851 Nam

177 875 344 924 primum
378 875 528 923 quidem
560 875 672 915 unius
706 877 858 915 tantum
890 875 1026 916 codicis
1060 875 1095 915 E
1126 877 1355 916 auctoritate
1381 877 1486 921 adius

178 950 329 988 vamur,
356 950 441 979 cum
466 940 497 978 B
527 940 607 979 sine
634 951 753 980 sensu
777 941 955 980 exhibeat
979 955 1114 981 necesse
1139 948 1190 981 est
1214 946 1343 981 maiori
1363 942 1489 990 quamls

178 1007 263 1044 tum
288 1005 327 1044 111
353 1005 436 1054 ipsa
462 1004 724 1045 adverbiorum
749 1006 1035 1047 coniunctorum
1060 1005 1183 1047 forma
1206 1008 1303 1047 inest
1320 1006 1488 1048 offensior

181 1071 260 1111 Aut
288 1070 388 1111 enim
415 1071 653 1111 scribendum
685 1074 769 1112 erat
802 1076 995 1122 ubicunque
1019 1078 1293 1122 quandocunque
1317 1075 1386 1112 aut
1409 1078 1486 1113 ubi-

177 1150 243 1184 que
269 1141 487 1185 quandoque.

294 1201 461 1242 Invicem
504 1202 574 1242 sibi
618 1203 848 1253 respondent
884 1207 1328 1252 quandoque-quandoque
1367 1213 1487 1251 aeque

180 1268 347 1308 valentia
382 1279 427 1307 00
451 1273 678 1309 modo-modo
701 1269 763 1308 vel
801 1269 926 1318 potius
954 1269 1182 1318 respondere
1214 1269 1283 1309 sibi
1312 1268 1488 1308 videntur

180 1343 216 1372 11.
233 1343 271 1381 q.
296 1333 316 1371 I
342 1333 375 1381 1,
402 1333 449 1372 15
475 1337 729 1382 quandoque
743 1347 835 1382 erqo
852 1337 944 1379 fiunt
960 1338 1088 1380 trabes,
1105 1339 1275 1382 quando
1285 1347 1359 1381 que
1374 1337 1487 1381 clipei.

180 1398 312 1439 Altero
358 1398 457 1438 0111111
499 1399 581 1440 1000
626 1398 946 1439 consentientibus
985 1399 1017 1438 E
1056 1401 1097 1442 et
1134 1398 1164 1437 B
1204 1399 1389 1439 traditum
1428 1400 1488 1438 est

178 1468 331 1513 quando,
1421 1464 1481 1500 1¹12]

296 1530 403 1570 Unus
435 1530 554 1580 igitur
586 1534 707 1570 restat
738 1531 841 1571 locus
876 1531 941 1579 qui
974 1531 1088 1579 plane
1123 1534 1328 1579 quandoque
1359 1541 1429 1579 pro
1455 1536 1489 1569 et

176 1601 317 1644 quando
348 1595 525 1636 exhibere
552 1596 737 1636 videatur.
788 1595 934 1635 Nititur
958 1606 1047 1634 vero
1073 1606 1148 1634 non
1173 1595 1399 1635 auctoritate
1416 1605 1490 1641 nov

177 1662 320 1711 dicum,
363 1662 430 1702 sed
464 1661 681 1702 coniectura
705 1661 858 1701 Gertzii.
910 1662 980 1700 Est
1015 1661 1079 1699 ille
1105 1660 1141 1699 d.
1167 1661 1204 1699 b.
1231 1660 1285 1698 IV
1311 1661 1346 1708 9,
1374 1662 1397 1699 3
1412 1660 1489 1699 ‚ubi

176 1729 215 1767 in
252 1727 377 1768 codice
407 1728 443 1767 N
473 1728 528 1768 ita
554 1727 695 1778 legitur
718 1732 835 1776 itaque
861 1741 939 1767 cum
965 1730 1065 1776 eliqo,
1092 1730 1149 1767 eui
1175 1730 1252 1766 dem
1276 1723 1489 1772 beneficium

174 1796 223 1831 id⁴
240 1807 317 1842 ayo,
339 1799 380 1833 ut
402 1798 674 1842 quandoque
698 1796 899 1839 beneficium
922 1796 979 1831 sit.
1030 1791 1146 1831 Recte
1176 1791 1328 1840 quidem
1359 1790 1487 1830 obser-

178 1860 245 1897 vat
278 1859 318 1898 111
343 1859 597 1906 adnotatione,
623 1862 827 1908 quandoque
843 1857 1008 1897 hocloco
1026 1856 1104 1897 sive
1120 1866 1189 1905 pro
1204 1859 1394 1905 aliquando
1403 1853 1492 1896 ἀπὺ

177 1933 247 1971 pro
266 1927 449 1963 interdum
474 1924 680 1972 accipiatur
702 1922 793 1962 ferri
818 1922 983 1972 nequire.
1023 1921 1222 1970 Postponit
1235 1922 1352 1970 igitur
1364 1921 1490 1961 verbis

175 1991 234 2028 oui
253 1991 332 2028 dem
355 1992 566 2036 beneficium,
592 1991 637 2028 ut
661 1988 713 2029 sit
735 1994 768 2028 et
793 1991 945 2037 quando.
990 1986 1065 2026 Sed
1089 1997 1175 2026 cum
1203 1985 1492 2029 abhorreamu-

178 2064 272 2093 usus
297 2066 321 2093 0
347 2065 519 2094 sermone
545 2054 761 2101 Annaeano,
797 2053 863 2092 illa
889 2053 1088 2091 verborum
1113 2052 1357 2100 transpositio
1381 2052 1492 2092 nubib

175 2128 252 2159 11011
275 2119 470 2170 probatur.
522 2118 675 2159 Accedit
705 2118 805 2168 quod
833 2117 948 2157 verba
983 2121 1067 2166 quia
1100 2121 1133 2156 si
1167 2121 1266 2165 turpi
1289 2119 1491 2156 dature-*eo

175 2188 356 2238 honestum
379 2199 452 2225 esse
469 2191 586 2232 potest
607 2198 671 2224 nee
694 2188 894 2231 beneficium
910 2183 957 2224 de
974 2195 1138 2233 persona
1155 2185 1308 2223 tantum
1325 2183 1364 2222 in
1383 2181 1493 2223 aava}

176 2248 395 2290 cedentibus
420 2249 639 2298 scriptorem
667 2248 854 2298 cogitasse
889 2248 1034 2288 docent.
1085 2247 1191 2288 Nihil
1223 2259 1314 2298 ergo
1339 2249 1492 2287 mutan-³

177 2313 268 2354 dum
303 2314 426 2354 iudico
448 2317 623 2364 respectu
647 2313 775 2354 habito
800 2314 953 2353 illorum
978 2314 1146 2352 locorum
1172 2313 1290 2363 supra
1315 2312 1493 2354 laudato&

178 2391 276 2430 rum,
293 2380 358 2420 ubi
375 2380 580 2430 quandoque
596 2379 645 2419 ad
660 2383 779 2427 utique
791 2378 893 2418 vocis
907 2389 1060 2418 sensum
1072 2390 1192 2429 prope
1204 2379 1382 2419 accedere
1395 2379 1495 2426 11ῢο

178 2456 265 2486 111110
299 2456 369 2485 1100
401 2445 602 2495 quisquam
634 2444 754 2484 talem
784 2443 973 2484 notionem
998 2442 1086 2484 huic
1110 2444 1193 2484 1000
1220 2444 1332 2485 valde
1356 2446 1494 2494 aptum

178 2519 262 2551 esse
288 2510 429 2551 infitias
455 2510 533 2549 ibit.
577 2509 715 2549 Similis
740 2512 901 2548 naturae
924 2511 985 2548 est
1011 2509 1128 2549 etiam
1154 2510 1288 2549 unicus
1315 2508 1496 2555 Quintili„
