<?xml version="1.0" encoding="UTF-8"?>
<!DOCTYPE html PUBLIC "-//W3C//DTD XHTML 1.0 Transitional//EN"
    "http://www.w3.org/TR/xhtml1/DTD/xhtml1-transitional.dtd">
<html xmlns="http://www.w3.org/1999/xhtml" xml:lang="en" lang="en">
 <head>
  <title>
</title>
<meta http-equiv="Content-Type" content="text/html;charset=utf-8" />
  <meta name='ocr-system' content='tesseract 3.04.00' />
  <meta name='ocr-capabilities' content='ocr_page ocr_carea ocr_par ocr_line ocrx_word'/>
</head>
<body>
  <div class='ocr_page' id='page_1' title='image "./4627213_0041.png"; bbox 0 0 1735 2760; ppageno 0'>
   <div class='ocr_carea' id='block_1_1' title="bbox 798 121 846 161">
    <p class='ocr_par' dir='ltr' id='par_1_1' title="bbox 798 121 846 161">
     <span class='ocr_line' id='line_1_1' title="bbox 798 121 846 161; baseline -0.021 0"><span class='ocrx_word' id='word_1_1' title='bbox 798 121 846 161; x_wconf 84' lang='lat'>31</span> 
     </span>
    </p>
   </div>
   <div class='ocr_carea' id='block_1_2' title="bbox 162 238 1480 2049">
    <p class='ocr_par' dir='ltr' id='par_1_2' title="bbox 162 238 1480 484">
     <span class='ocr_line' id='line_1_2' title="bbox 171 238 1480 292; baseline 0.002 -14"><span class='ocrx_word' id='word_1_2' title='bbox 171 238 444 280; x_wconf 77' lang='lat' dir='ltr'><strong>adiectivorum</strong></span> <span class='ocrx_word' id='word_1_3' title='bbox 464 254 612 290; x_wconf 71' lang='lat' dir='ltr'><strong>maqnoe</strong></span> <span class='ocrx_word' id='word_1_4' title='bbox 634 241 751 289; x_wconf 86' lang='lat' dir='ltr'><strong>atque</strong></span> <span class='ocrx_word' id='word_1_5' title='bbox 775 244 1023 292; x_wconf 50' lang='lat' dir='ltr'><strong>detestabiles„</strong></span> <span class='ocrx_word' id='word_1_6' title='bbox 1067 240 1265 281; x_wconf 83' lang='lat' dir='ltr'><strong>Adiectiva</strong></span> <span class='ocrx_word' id='word_1_7' title='bbox 1301 244 1480 288; x_wconf 70' lang='lat' dir='ltr'><strong>publicum</strong></span> 
     </span>
     <span class='ocr_line' id='line_1_3' title="bbox 162 304 1480 354; baseline 0.001 -11"><span class='ocrx_word' id='word_1_8' title='bbox 162 306 216 343; x_wconf 88' lang='lat' dir='ltr'><strong>-et</strong></span> <span class='ocrx_word' id='word_1_9' title='bbox 234 309 415 351; x_wconf 72' lang='lat' dir='ltr'><strong>privatum</strong></span> <span class='ocrx_word' id='word_1_10' title='bbox 439 305 549 345; x_wconf 87' lang='lat' dir='ltr'><strong>modo</strong></span> <span class='ocrx_word' id='word_1_11' title='bbox 573 305 647 345; x_wconf 72' lang='lat' dir='ltr'><strong>hac</strong></span> <span class='ocrx_word' id='word_1_12' title='bbox 671 306 783 345; x_wconf 83' lang='lat' dir='ltr'><strong>modo</strong></span> <span class='ocrx_word' id='word_1_13' title='bbox 809 304 876 344; x_wconf 84' lang='lat' dir='ltr'><strong>illa</strong></span> <span class='ocrx_word' id='word_1_14' title='bbox 900 306 1087 354; x_wconf 78' lang='lat' dir='ltr'><strong>particula</strong></span> <span class='ocrx_word' id='word_1_15' title='bbox 1115 306 1290 354; x_wconf 87' lang='lat' dir='ltr'><strong>coniungi</strong></span> <span class='ocrx_word' id='word_1_16' title='bbox 1316 316 1403 345; x_wconf 83' lang='lat' dir='ltr'><strong>mox</strong></span> <span class='ocrx_word' id='word_1_17' title='bbox 1429 306 1480 344; x_wconf 89' lang='lat' dir='ltr'><strong>vi-</strong></span> 
     </span>
     <span class='ocr_line' id='line_1_4' title="bbox 170 366 1480 420; baseline 0.002 -13"><span class='ocrx_word' id='word_1_18' title='bbox 170 367 284 416; x_wconf 84' lang='lat' dir='ltr'><strong>debis,</strong></span> <span class='ocrx_word' id='word_1_19' title='bbox 311 369 403 409; x_wconf 87' lang='lat' dir='ltr'><strong>item</strong></span> <span class='ocrx_word' id='word_1_20' title='bbox 428 381 549 419; x_wconf 75' lang='lat' dir='ltr'><strong>pauca</strong></span> <span class='ocrx_word' id='word_1_21' title='bbox 574 369 651 410; x_wconf 85' lang='lat' dir='ltr'><strong>alia</strong></span> <span class='ocrx_word' id='word_1_22' title='bbox 685 373 767 409; x_wconf 92' lang='lat' dir='ltr'><strong>tum</strong></span> <span class='ocrx_word' id='word_1_23' title='bbox 793 380 879 409; x_wconf 89' lang='lat' dir='ltr'><strong>cum</strong></span> <span class='ocrx_word' id='word_1_24' title='bbox 910 366 1226 418; x_wconf 75' lang='lat' dir='ltr'><strong>quemadmodum</strong></span> <span class='ocrx_word' id='word_1_25' title='bbox 1250 370 1325 409; x_wconf 88' lang='lat' dir='ltr'><strong>duo</strong></span> <span class='ocrx_word' id='word_1_26' title='bbox 1350 381 1480 420; x_wconf 87' lang='lat' dir='ltr'><strong>super·</strong></span> 
     </span>
     <span class='ocr_line' id='line_1_5' title="bbox 171 433 1335 484; baseline 0.002 -12"><span class='ocrx_word' id='word_1_27' title='bbox 171 433 288 476; x_wconf 74' lang='lat' dir='ltr'><strong>lativo</strong></span> <span class='ocrx_word' id='word_1_28' title='bbox 311 435 433 483; x_wconf 82' lang='lat' dir='ltr'><strong>gradu</strong></span> <span class='ocrx_word' id='word_1_29' title='bbox 459 436 583 482; x_wconf 87' lang='lat' dir='ltr'><strong>posita</strong></span> <span class='ocrx_word' id='word_1_30' title='bbox 608 435 792 474; x_wconf 82' lang='lat' dir='ltr'><strong>adiectiva</strong></span> <span class='ocrx_word' id='word_1_31' title='bbox 817 436 1053 484; x_wconf 80' lang='lat' dir='ltr'><strong>copulentur,</strong></span> <span class='ocrx_word' id='word_1_32' title='bbox 1080 434 1335 474; x_wconf 85' lang='lat' dir='ltr'><strong>indicabimus.</strong></span> 
     </span>
    </p>

    <p class='ocr_par' dir='ltr' id='par_1_3' title="bbox 164 498 1480 1787">
     <span class='ocr_line' id='line_1_6' title="bbox 287 498 1478 555; baseline 0.001 -17"><span class='ocrx_word' id='word_1_33' title='bbox 287 498 521 555; x_wconf 29' lang='lat' dir='ltr'><strong>Miro-modo</strong></span> <span class='ocrx_word' id='word_1_34' title='bbox 546 500 595 537; x_wconf 82' lang='lat' dir='ltr'><strong>ad</strong></span> <span class='ocrx_word' id='word_1_35' title='bbox 621 499 742 539; x_wconf 80' lang='lat' dir='ltr'><strong>solam</strong></span> <span class='ocrx_word' id='word_1_36' title='bbox 759 500 1000 539; x_wconf 83' lang='lat' dir='ltr'><strong>altitudinem</strong></span> <span class='ocrx_word' id='word_1_37' title='bbox 1019 499 1182 538; x_wconf 87' lang='lat' dir='ltr'><strong>fluminis</strong></span> <span class='ocrx_word' id='word_1_38' title='bbox 1209 499 1478 547; x_wconf 54' lang='lat' dir='ltr'><strong>designandam</strong></span> 
     </span>
     <span class='ocr_line' id='line_1_7' title="bbox 169 562 1480 613; baseline -0.001 -10"><span class='ocrx_word' id='word_1_39' title='bbox 169 562 417 603; x_wconf 79' lang='lat' dir='ltr'><strong>conciliantur</strong></span> <span class='ocrx_word' id='word_1_40' title='bbox 439 563 624 604; x_wconf 84' lang='lat' dir='ltr'><strong>adiectiva</strong></span> <span class='ocrx_word' id='word_1_41' title='bbox 649 569 759 604; x_wconf 80' lang='lat' dir='ltr'><strong>altum</strong></span> <span class='ocrx_word' id='word_1_42' title='bbox 789 568 829 604; x_wconf 92' lang='lat' dir='ltr'><strong>et</strong></span> <span class='ocrx_word' id='word_1_43' title='bbox 839 568 1064 613; x_wconf 73' lang='lat' dir='ltr'><strong>profundum</strong></span> <span class='ocrx_word' id='word_1_44' title='bbox 1088 575 1123 603; x_wconf 91' lang='lat' dir='ltr'><strong>n.</strong></span> <span class='ocrx_word' id='word_1_45' title='bbox 1151 574 1187 612; x_wconf 91' lang='lat' dir='ltr'><strong>q.</strong></span> <span class='ocrx_word' id='word_1_46' title='bbox 1214 564 1267 602; x_wconf 94' lang='lat' dir='ltr'><strong>IV</strong></span> <span class='ocrx_word' id='word_1_47' title='bbox 1292 565 1327 612; x_wconf 85' lang='lat'><strong>2,</strong></span> <span class='ocrx_word' id='word_1_48' title='bbox 1354 564 1378 603; x_wconf 92' lang='lat'>8</span> <span class='ocrx_word' id='word_1_49' title='bbox 1398 568 1480 603; x_wconf 71' lang='lat' dir='ltr'><strong>hinc</strong></span> 
     </span>
     <span class='ocr_line' id='line_1_8' title="bbox 168 632 1480 676; baseline -0.001 -8"><span class='ocrx_word' id='word_1_50' title='bbox 168 632 241 668; x_wconf 69' lang='lat' dir='ltr'><strong>iam</strong></span> <span class='ocrx_word' id='word_1_51' title='bbox 263 632 474 676; x_wconf 70' lang='lat' dir='ltr'><strong>manifestus</strong></span> <span class='ocrx_word' id='word_1_52' title='bbox 498 642 671 668; x_wconf 76' lang='lat' dir='ltr'><strong>novarum</strong></span> <span class='ocrx_word' id='word_1_53' title='bbox 700 634 830 669; x_wconf 63' lang='lat' dir='ltr'><strong>viram</strong></span> <span class='ocrx_word' id='word_1_54' title='bbox 862 633 970 669; x_wconf 73' lang='lat' dir='ltr'><strong>Nilne</strong></span> <span class='ocrx_word' id='word_1_55' title='bbox 992 633 1064 668; x_wconf 84' lang='lat' dir='ltr'><strong>alto</strong></span> <span class='ocrx_word' id='word_1_56' title='bbox 1100 643 1143 668; x_wconf 86' lang='lat' dir='ltr'><strong>ac</strong></span> <span class='ocrx_word' id='word_1_57' title='bbox 1168 633 1352 676; x_wconf 76' lang='lat' dir='ltr'><strong>profundo</strong></span> <span class='ocrx_word' id='word_1_58' title='bbox 1382 633 1480 668; x_wconf 78' lang='lat' dir='ltr'><strong>alveo</strong></span> 
     </span>
     <span class='ocr_line' id='line_1_9' title="bbox 167 696 1478 742; baseline 0 -9"><span class='ocrx_word' id='word_1_59' title='bbox 167 696 295 742; x_wconf 76' lang='lat' dir='ltr'><strong>fertur,</strong></span> <span class='ocrx_word' id='word_1_60' title='bbox 322 708 367 734; x_wconf 74' lang='lat' dir='ltr'><strong>ne</strong></span> <span class='ocrx_word' id='word_1_61' title='bbox 391 699 431 733; x_wconf 73' lang='lat' dir='ltr'><strong>in</strong></span> <span class='ocrx_word' id='word_1_62' title='bbox 455 699 678 735; x_wconf 74' lang='lat' dir='ltr'><strong>latitudinem</strong></span> <span class='ocrx_word' id='word_1_63' title='bbox 702 698 860 741; x_wconf 63' lang='lat' dir='ltr'><strong>excedat,</strong></span> <span class='ocrx_word' id='word_1_64' title='bbox 884 698 1017 734; x_wconf 60' lang='lat' dir='ltr'><strong>obiectu</strong></span> <span class='ocrx_word' id='word_1_65' title='bbox 1041 699 1209 734; x_wconf 71' lang='lat' dir='ltr'><strong>montium</strong></span> <span class='ocrx_word' id='word_1_66' title='bbox 1230 707 1386 742; x_wconf 65' lang='lat' dir='ltr'><strong>pre-seue.</strong></span> <span class='ocrx_word' id='word_1_67' title='bbox 1413 697 1478 733; x_wconf 79' lang='grc' dir='ltr'><strong>ΔΙ·</strong></span> 
     </span>
     <span class='ocr_line' id='line_1_10' title="bbox 168 750 1479 810; baseline 0.001 -12"><span class='ocrx_word' id='word_1_68' title='bbox 168 765 242 799; x_wconf 80' lang='lat' dir='ltr'><strong>tum</strong></span> <span class='ocrx_word' id='word_1_69' title='bbox 266 770 342 800; x_wconf 89' lang='lat' dir='ltr'><strong>non</strong></span> <span class='ocrx_word' id='word_1_70' title='bbox 367 759 465 804; x_wconf 84' lang='lat' dir='ltr'><strong>idem</strong></span> <span class='ocrx_word' id='word_1_71' title='bbox 491 760 553 800; x_wconf 90' lang='lat' dir='ltr'><strong>hic</strong></span> <span class='ocrx_word' id='word_1_72' title='bbox 570 759 783 810; x_wconf 83' lang='lat' dir='ltr'><strong>significare</strong></span> <span class='ocrx_word' id='word_1_73' title='bbox 797 760 897 809; x_wconf 88' lang='lat' dir='ltr'><strong>quod</strong></span> <span class='ocrx_word' id='word_1_74' title='bbox 926 759 1130 799; x_wconf 85' lang='lat' dir='ltr'><strong>identidem</strong></span> <span class='ocrx_word' id='word_1_75' title='bbox 1156 759 1193 798; x_wconf 92' lang='lat' dir='ltr'><strong>in</strong></span> <span class='ocrx_word' id='word_1_76' title='bbox 1221 759 1347 799; x_wconf 85' lang='lat' dir='ltr'><strong>verbis</strong></span> <span class='ocrx_word' id='word_1_77' title='bbox 1368 750 1479 799; x_wconf 80' lang='lat' dir='ltr'><strong>altum</strong></span> 
     </span>
     <span class='ocr_line' id='line_1_11' title="bbox 168 824 1479 875; baseline 0 -10"><span class='ocrx_word' id='word_1_78' title='bbox 168 839 266 865; x_wconf 76' lang='lat' dir='ltr'><strong>mare</strong></span> <span class='ocrx_word' id='word_1_79' title='bbox 291 826 319 875; x_wconf 77' lang='lat' dir='ltr'><strong>i.</strong></span> <span class='ocrx_word' id='word_1_80' title='bbox 340 836 372 864; x_wconf 89' lang='lat' dir='ltr'><strong>e.</strong></span> <span class='ocrx_word' id='word_1_81' title='bbox 399 830 469 865; x_wconf 79' lang='lat' dir='ltr'><strong>lato</strong></span> <span class='ocrx_word' id='word_1_82' title='bbox 487 832 617 873; x_wconf 71' lang='lat' dir='ltr'><strong>patene</strong></span> <span class='ocrx_word' id='word_1_83' title='bbox 642 826 779 865; x_wconf 88' lang='lat' dir='ltr'><strong>additis</strong></span> <span class='ocrx_word' id='word_1_84' title='bbox 806 825 930 866; x_wconf 83' lang='lat' dir='ltr'><strong>verbis</strong></span> <span class='ocrx_word' id='word_1_85' title='bbox 953 839 1160 873; x_wconf 63' lang='lat' dir='ltr'><strong>rte-praseae</strong></span> <span class='ocrx_word' id='word_1_86' title='bbox 1184 827 1354 875; x_wconf 82' lang='lat' dir='ltr'><strong>apparet.</strong></span> <span class='ocrx_word' id='word_1_87' title='bbox 1409 824 1479 865; x_wconf 84' lang='lat' dir='ltr'><strong>So-</strong></span> 
     </span>
     <span class='ocr_line' id='line_1_12' title="bbox 169 889 1478 939; baseline 0.001 -10"><span class='ocrx_word' id='word_1_88' title='bbox 169 889 249 930; x_wconf 84' lang='lat' dir='ltr'><strong>lent</strong></span> <span class='ocrx_word' id='word_1_89' title='bbox 272 892 402 931; x_wconf 83' lang='lat' dir='ltr'><strong>autem</strong></span> <span class='ocrx_word' id='word_1_90' title='bbox 422 890 517 931; x_wconf 84' lang='lat' dir='ltr'><strong>alias</strong></span> <span class='ocrx_word' id='word_1_91' title='bbox 541 891 578 929; x_wconf 90' lang='lat' dir='ltr'><strong>in</strong></span> <span class='ocrx_word' id='word_1_92' title='bbox 596 890 667 930; x_wconf 81' lang='lat' dir='ltr'><strong>hac</strong></span> <span class='ocrx_word' id='word_1_93' title='bbox 690 891 840 939; x_wconf 90' lang='lat' dir='ltr'><strong>quidem</strong></span> <span class='ocrx_word' id='word_1_94' title='bbox 859 890 1006 930; x_wconf 86' lang='lat' dir='ltr'><strong>ratione</strong></span> <span class='ocrx_word' id='word_1_95' title='bbox 1027 890 1131 929; x_wconf 90' lang='lat' dir='ltr'><strong>nullo</strong></span> <span class='ocrx_word' id='word_1_96' title='bbox 1150 889 1362 929; x_wconf 77' lang='lat' dir='ltr'><strong>discrimine</strong></span> <span class='ocrx_word' id='word_1_97' title='bbox 1378 889 1478 930; x_wconf 79' lang='lat' dir='ltr'><strong>facto</strong></span> 
     </span>
     <span class='ocr_line' id='line_1_13' title="bbox 170 955 1477 1006; baseline 0.001 -12"><span class='ocrx_word' id='word_1_98' title='bbox 170 955 338 994; x_wconf 83' lang='lat' dir='ltr'><strong>adhiberi</strong></span> <span class='ocrx_word' id='word_1_99' title='bbox 363 956 547 995; x_wconf 84' lang='lat' dir='ltr'><strong>adiectiva</strong></span> <span class='ocrx_word' id='word_1_100' title='bbox 571 960 683 996; x_wconf 73' lang='lat' dir='ltr'><strong>aum</strong></span> <span class='ocrx_word' id='word_1_101' title='bbox 712 959 752 995; x_wconf 89' lang='lat' dir='ltr'><strong>et</strong></span> <span class='ocrx_word' id='word_1_102' title='bbox 771 959 1001 1006; x_wconf 73' lang='lat' dir='ltr'><strong>profundum,</strong></span> <span class='ocrx_word' id='word_1_103' title='bbox 1034 956 1089 994; x_wconf 85' lang='lat' dir='ltr'><strong>ita</strong></span> <span class='ocrx_word' id='word_1_104' title='bbox 1119 959 1165 995; x_wconf 91' lang='lat' dir='ltr'><strong>ut</strong></span> <span class='ocrx_word' id='word_1_105' title='bbox 1188 956 1272 995; x_wconf 89' lang='lat' dir='ltr'><strong>iure</strong></span> <span class='ocrx_word' id='word_1_106' title='bbox 1297 956 1383 1004; x_wconf 86' lang='lat' dir='ltr'><strong>quis</strong></span> <span class='ocrx_word' id='word_1_107' title='bbox 1408 956 1477 995; x_wconf 89' lang='lat' dir='ltr'><strong>mi-</strong></span> 
     </span>
     <span class='ocr_line' id='line_1_14' title="bbox 171 1020 1478 1070; baseline -0.001 -10"><span class='ocrx_word' id='word_1_108' title='bbox 171 1023 278 1061; x_wconf 87' lang='lat' dir='ltr'><strong>retur</strong></span> <span class='ocrx_word' id='word_1_109' title='bbox 290 1031 423 1061; x_wconf 87' lang='lat' dir='ltr'><strong>eorum</strong></span> <span class='ocrx_word' id='word_1_110' title='bbox 436 1020 752 1070; x_wconf 83' lang='lat' dir='ltr'><strong>compositionem.</strong></span> <span class='ocrx_word' id='word_1_111' title='bbox 791 1020 864 1061; x_wconf 88' lang='lat' dir='ltr'><strong>Sed</strong></span> <span class='ocrx_word' id='word_1_112' title='bbox 878 1021 943 1069; x_wconf 91' lang='lat' dir='ltr'><strong>qui</strong></span> <span class='ocrx_word' id='word_1_113' title='bbox 957 1021 1029 1060; x_wconf 86' lang='lat' dir='ltr'><strong>scit</strong></span> <span class='ocrx_word' id='word_1_114' title='bbox 1046 1031 1160 1069; x_wconf 82' lang='lat' dir='ltr'><strong>quam</strong></span> <span class='ocrx_word' id='word_1_115' title='bbox 1173 1031 1309 1070; x_wconf 84' lang='lat' dir='ltr'><strong>parum</strong></span> <span class='ocrx_word' id='word_1_116' title='bbox 1322 1031 1478 1069; x_wconf 83' lang='lat' dir='ltr'><strong>pressus</strong></span> 
     </span>
     <span class='ocr_line' id='line_1_15' title="bbox 169 1085 1477 1133; baseline 0.002 -9"><span class='ocrx_word' id='word_1_117' title='bbox 169 1086 220 1124; x_wconf 81' lang='lat' dir='ltr'><strong>eit</strong></span> <span class='ocrx_word' id='word_1_118' title='bbox 244 1085 386 1128; x_wconf 83' lang='lat' dir='ltr'><strong>Seneca</strong></span> <span class='ocrx_word' id='word_1_119' title='bbox 411 1090 450 1126; x_wconf 90' lang='lat' dir='ltr'><strong>et</strong></span> <span class='ocrx_word' id='word_1_120' title='bbox 482 1087 594 1126; x_wconf 88' lang='lat' dir='ltr'><strong>nimis</strong></span> <span class='ocrx_word' id='word_1_121' title='bbox 631 1086 858 1133; x_wconf 82' lang='lat' dir='ltr'><strong>redundans,</strong></span> <span class='ocrx_word' id='word_1_122' title='bbox 891 1087 949 1124; x_wconf 89' lang='lat' dir='ltr'><strong>vel</strong></span> <span class='ocrx_word' id='word_1_123' title='bbox 983 1087 1054 1124; x_wconf 83' lang='lat' dir='ltr'><strong>hac</strong></span> <span class='ocrx_word' id='word_1_124' title='bbox 1086 1098 1135 1125; x_wconf 86' lang='lat' dir='ltr'><strong>ex</strong></span> <span class='ocrx_word' id='word_1_125' title='bbox 1160 1098 1275 1126; x_wconf 82' lang='lat' dir='ltr'><strong>causa</strong></span> <span class='ocrx_word' id='word_1_126' title='bbox 1303 1086 1373 1125; x_wconf 86' lang='lat' dir='ltr'><strong>hoc</strong></span> <span class='ocrx_word' id='word_1_127' title='bbox 1396 1087 1477 1126; x_wconf 88' lang='lat' dir='ltr'><strong>loco</strong></span> 
     </span>
     <span class='ocr_line' id='line_1_16' title="bbox 167 1149 1473 1201; baseline 0.001 -11"><span class='ocrx_word' id='word_1_128' title='bbox 167 1162 243 1191; x_wconf 91' lang='lat' dir='ltr'><strong>non</strong></span> <span class='ocrx_word' id='word_1_129' title='bbox 268 1149 490 1191; x_wconf 83' lang='lat' dir='ltr'><strong>offendetur.</strong></span> <span class='ocrx_word' id='word_1_130' title='bbox 555 1150 654 1198; x_wconf 86' lang='lat' dir='ltr'><strong>Quid</strong></span> <span class='ocrx_word' id='word_1_131' title='bbox 689 1151 789 1201; x_wconf 90' lang='lat' dir='ltr'><strong>quod</strong></span> <span class='ocrx_word' id='word_1_132' title='bbox 813 1151 985 1191; x_wconf 87' lang='lat' dir='ltr'><strong>similiter</strong></span> <span class='ocrx_word' id='word_1_133' title='bbox 1021 1150 1135 1190; x_wconf 83' lang='lat' dir='ltr'><strong>verba</strong></span> <span class='ocrx_word' id='word_1_134' title='bbox 1162 1159 1260 1199; x_wconf 83' lang='lat' dir='ltr'><strong>quae</strong></span> <span class='ocrx_word' id='word_1_135' title='bbox 1284 1152 1473 1191; x_wconf 91' lang='lat' dir='ltr'><strong>communi</strong></span> 
     </span>
     <span class='ocr_line' id='line_1_17' title="bbox 168 1216 1476 1266; baseline 0 -11"><span class='ocrx_word' id='word_1_136' title='bbox 168 1216 317 1257; x_wconf 86' lang='lat' dir='ltr'><strong>dicendi</strong></span> <span class='ocrx_word' id='word_1_137' title='bbox 354 1216 619 1257; x_wconf 89' lang='lat' dir='ltr'><strong>consuetudine</strong></span> <span class='ocrx_word' id='word_1_138' title='bbox 645 1228 720 1256; x_wconf 90' lang='lat' dir='ltr'><strong>non</strong></span> <span class='ocrx_word' id='word_1_139' title='bbox 748 1217 1030 1265; x_wconf 85' lang='lat' dir='ltr'><strong>distinguuntur</strong></span> <span class='ocrx_word' id='word_1_140' title='bbox 1054 1216 1254 1266; x_wconf 84' lang='lat' dir='ltr'><strong>conligavit</strong></span> <span class='ocrx_word' id='word_1_141' title='bbox 1279 1228 1338 1266; x_wconf 87' lang='lat' dir='ltr'><strong>ep.</strong></span> <span class='ocrx_word' id='word_1_142' title='bbox 1367 1217 1424 1263; x_wconf 88' lang='grc'><strong>16,</strong></span> <span class='ocrx_word' id='word_1_143' title='bbox 1452 1217 1476 1255; x_wconf 90' lang='grc'><strong>6</strong></span> 
     </span>
     <span class='ocr_line' id='line_1_18' title="bbox 166 1282 1475 1331; baseline -0.001 -9"><span class='ocrx_word' id='word_1_144' title='bbox 166 1288 199 1322; x_wconf 72' lang='lat' dir='ltr'><strong>si</strong></span> <span class='ocrx_word' id='word_1_145' title='bbox 221 1288 405 1331; x_wconf 76' lang='lat' dir='ltr'><strong>repentina</strong></span> <span class='ocrx_word' id='word_1_146' title='bbox 426 1297 468 1322; x_wconf 83' lang='lat' dir='ltr'><strong>ao</strong></span> <span class='ocrx_word' id='word_1_147' title='bbox 489 1287 606 1322; x_wconf 72' lang='lat' dir='ltr'><strong>subita</strong></span> <span class='ocrx_word' id='word_1_148' title='bbox 629 1285 882 1322; x_wconf 74' lang='lat' dir='ltr'><strong>dominantur?</strong></span> <span class='ocrx_word' id='word_1_149' title='bbox 929 1282 1110 1321; x_wconf 82' lang='lat' dir='ltr'><strong>Attamen</strong></span> <span class='ocrx_word' id='word_1_150' title='bbox 1136 1284 1167 1321; x_wconf 85' lang='lat' dir='ltr'><strong>si</strong></span> <span class='ocrx_word' id='word_1_151' title='bbox 1194 1284 1370 1322; x_wconf 84' lang='lat' dir='ltr'><strong>accurate</strong></span> <span class='ocrx_word' id='word_1_152' title='bbox 1393 1293 1475 1321; x_wconf 86' lang='lat' dir='ltr'><strong>sen-</strong></span> 
     </span>
     <span class='ocr_line' id='line_1_19' title="bbox 166 1346 1476 1397; baseline -0.001 -10"><span class='ocrx_word' id='word_1_153' title='bbox 166 1358 252 1387; x_wconf 86' lang='lat' dir='ltr'><strong>sum</strong></span> <span class='ocrx_word' id='word_1_154' title='bbox 283 1348 483 1387; x_wconf 87' lang='lat' dir='ltr'><strong>verborum</strong></span> <span class='ocrx_word' id='word_1_155' title='bbox 519 1348 775 1394; x_wconf 80' lang='lat' dir='ltr'><strong>aestimamus,</strong></span> <span class='ocrx_word' id='word_1_156' title='bbox 807 1348 1066 1397; x_wconf 78' lang='lat' dir='ltr'><strong>gradationem</strong></span> <span class='ocrx_word' id='word_1_157' title='bbox 1099 1346 1180 1385; x_wconf 88' lang='lat' dir='ltr'><strong>fieri</strong></span> <span class='ocrx_word' id='word_1_158' title='bbox 1215 1347 1476 1396; x_wconf 83' lang='lat' dir='ltr'><strong>intellegemus</strong></span> 
     </span>
     <span class='ocr_line' id='line_1_20' title="bbox 166 1412 1476 1462; baseline 0 -11"><span class='ocrx_word' id='word_1_159' title='bbox 166 1414 222 1452; x_wconf 83' lang='lat' dir='ltr'><strong>ita</strong></span> <span class='ocrx_word' id='word_1_160' title='bbox 247 1416 292 1452; x_wconf 88' lang='lat' dir='ltr'><strong>ut</strong></span> <span class='ocrx_word' id='word_1_161' title='bbox 314 1413 410 1451; x_wconf 91' lang='lat' dir='ltr'><strong>illud</strong></span> <span class='ocrx_word' id='word_1_162' title='bbox 436 1414 646 1462; x_wconf 83' lang='lat' dir='ltr'><strong>generatim</strong></span> <span class='ocrx_word' id='word_1_163' title='bbox 669 1412 908 1452; x_wconf 80' lang='lat' dir='ltr'><strong>altitudinem</strong></span> <span class='ocrx_word' id='word_1_164' title='bbox 932 1412 1129 1458; x_wconf 77' lang='lat' dir='ltr'><strong>describat,</strong></span> <span class='ocrx_word' id='word_1_165' title='bbox 1158 1413 1227 1451; x_wconf 90' lang='lat' dir='ltr'><strong>hoc</strong></span> <span class='ocrx_word' id='word_1_166' title='bbox 1254 1412 1476 1452; x_wconf 78' lang='lat' dir='ltr'><strong>immensam</strong></span> 
     </span>
     <span class='ocr_line' id='line_1_21' title="bbox 166 1476 1477 1525; baseline -0.002 -8"><span class='ocrx_word' id='word_1_167' title='bbox 166 1488 250 1517; x_wconf 79' lang='lat' dir='ltr'><strong>eam</strong></span> <span class='ocrx_word' id='word_1_168' title='bbox 277 1488 360 1517; x_wconf 87' lang='lat' dir='ltr'><strong>esse</strong></span> <span class='ocrx_word' id='word_1_169' title='bbox 381 1478 530 1517; x_wconf 80' lang='lat' dir='ltr'><strong>adiciat.</strong></span> <span class='ocrx_word' id='word_1_170' title='bbox 592 1477 674 1523; x_wconf 87' lang='lat' dir='ltr'><strong>Quo</strong></span> <span class='ocrx_word' id='word_1_171' title='bbox 700 1477 744 1516; x_wconf 90' lang='lat' dir='ltr'><strong>fit</strong></span> <span class='ocrx_word' id='word_1_172' title='bbox 769 1480 812 1516; x_wconf 90' lang='lat' dir='ltr'><strong>ut</strong></span> <span class='ocrx_word' id='word_1_173' title='bbox 837 1477 916 1515; x_wconf 89' lang='lat' dir='ltr'><strong>sine</strong></span> <span class='ocrx_word' id='word_1_174' title='bbox 942 1476 1145 1516; x_wconf 85' lang='lat' dir='ltr'><strong>offensione</strong></span> <span class='ocrx_word' id='word_1_175' title='bbox 1175 1476 1280 1524; x_wconf 82' lang='lat' dir='ltr'><strong>legas</strong></span> <span class='ocrx_word' id='word_1_176' title='bbox 1305 1488 1340 1515; x_wconf 90' lang='lat' dir='ltr'><strong>n.</strong></span> <span class='ocrx_word' id='word_1_177' title='bbox 1368 1488 1403 1525; x_wconf 91' lang='lat' dir='ltr'><strong>q.</strong></span> <span class='ocrx_word' id='word_1_178' title='bbox 1422 1477 1477 1515; x_wconf 92' lang='lat' dir='ltr'><strong>VI</strong></span> 
     </span>
     <span class='ocr_line' id='line_1_22' title="bbox 168 1542 1478 1592; baseline -0.001 -10"><span class='ocrx_word' id='word_1_179' title='bbox 168 1544 228 1590; x_wconf 86' lang='lat'><strong>24,</strong></span> <span class='ocrx_word' id='word_1_180' title='bbox 265 1544 289 1581; x_wconf 89' lang='lat'><strong>3</strong></span> <span class='ocrx_word' id='word_1_181' title='bbox 319 1546 519 1582; x_wconf 73' lang='lat' dir='ltr'><strong>altitudinis</strong></span> <span class='ocrx_word' id='word_1_182' title='bbox 552 1546 757 1591; x_wconf 77' lang='lat' dir='ltr'><strong>profundae</strong></span> <span class='ocrx_word' id='word_1_183' title='bbox 792 1546 909 1582; x_wconf 82' lang='lat' dir='ltr'><strong>maria</strong></span> <span class='ocrx_word' id='word_1_184' title='bbox 946 1544 1015 1581; x_wconf 80' lang='lat' dir='ltr'><strong>aut</strong></span> <span class='ocrx_word' id='word_1_185' title='bbox 1052 1553 1110 1592; x_wconf 89' lang='lat' dir='ltr'><strong>ep.</strong></span> <span class='ocrx_word' id='word_1_186' title='bbox 1149 1543 1208 1590; x_wconf 88' lang='lat'><strong>21,</strong></span> <span class='ocrx_word' id='word_1_187' title='bbox 1235 1542 1258 1581; x_wconf 87' lang='lat'>5</span> <span class='ocrx_word' id='word_1_188' title='bbox 1292 1545 1478 1590; x_wconf 76' lang='lat' dir='ltr'><strong>profunda</strong></span> 
     </span>
     <span class='ocr_line' id='line_1_23' title="bbox 166 1608 1472 1661; baseline -0.002 -13"><span class='ocrx_word' id='word_1_189' title='bbox 166 1622 278 1656; x_wconf 75' lang='lat' dir='ltr'><strong>supra</strong></span> <span class='ocrx_word' id='word_1_190' title='bbox 296 1622 366 1661; x_wconf 69' lang='lat' dir='ltr'><strong>pos</strong></span> <span class='ocrx_word' id='word_1_191' title='bbox 389 1612 540 1648; x_wconf 74' lang='lat' dir='ltr'><strong>altitudo</strong></span> <span class='ocrx_word' id='word_1_192' title='bbox 566 1612 730 1656; x_wconf 77' lang='lat' dir='ltr'><strong>temporis</strong></span> <span class='ocrx_word' id='word_1_193' title='bbox 753 1613 876 1647; x_wconf 80' lang='lat' dir='ltr'><strong>veniet.</strong></span> <span class='ocrx_word' id='word_1_194' title='bbox 927 1608 1031 1647; x_wconf 86' lang='lat' dir='ltr'><strong>Idem</strong></span> <span class='ocrx_word' id='word_1_195' title='bbox 1058 1608 1128 1647; x_wconf 90' lang='lat' dir='ltr'><strong>hoc</strong></span> <span class='ocrx_word' id='word_1_196' title='bbox 1152 1609 1265 1647; x_wconf 77' lang='lat' dir='ltr'><strong>etiam</strong></span> <span class='ocrx_word' id='word_1_197' title='bbox 1292 1608 1394 1656; x_wconf 88' lang='lat' dir='ltr'><strong>apud</strong></span> <span class='ocrx_word' id='word_1_198' title='bbox 1413 1608 1472 1647; x_wconf 90' lang='lat' dir='ltr'><strong>Li-</strong></span> 
     </span>
     <span class='ocr_line' id='line_1_24' title="bbox 166 1672 1475 1722; baseline -0.001 -11"><span class='ocrx_word' id='word_1_199' title='bbox 166 1673 267 1711; x_wconf 87' lang='lat' dir='ltr'><strong>vium</strong></span> <span class='ocrx_word' id='word_1_200' title='bbox 294 1672 511 1722; x_wconf 89' lang='lat' dir='ltr'><strong>(XXXVIII</strong></span> <span class='ocrx_word' id='word_1_201' title='bbox 537 1674 601 1720; x_wconf 87' lang='lat'><strong>23)</strong></span> <span class='ocrx_word' id='word_1_202' title='bbox 642 1676 682 1712; x_wconf 90' lang='lat' dir='ltr'><strong>et</strong></span> <span class='ocrx_word' id='word_1_203' title='bbox 706 1673 807 1721; x_wconf 87' lang='lat' dir='ltr'><strong>apud</strong></span> <span class='ocrx_word' id='word_1_204' title='bbox 833 1672 1005 1712; x_wconf 86' lang='lat' dir='ltr'><strong>Tacitum</strong></span> <span class='ocrx_word' id='word_1_205' title='bbox 1039 1674 1140 1721; x_wconf 77' lang='lat' dir='ltr'><strong>(ann.</strong></span> <span class='ocrx_word' id='word_1_206' title='bbox 1168 1673 1208 1711; x_wconf 90' lang='lat' dir='ltr'>H</span> <span class='ocrx_word' id='word_1_207' title='bbox 1234 1673 1298 1722; x_wconf 92' lang='lat'><strong>61)</strong></span> <span class='ocrx_word' id='word_1_208' title='bbox 1323 1672 1475 1722; x_wconf 84' lang='lat' dir='ltr'><strong>legitur,</strong></span> 
     </span>
     <span class='ocr_line' id='line_1_25' title="bbox 164 1731 1224 1787; baseline 0.001 -10"><span class='ocrx_word' id='word_1_209' title='bbox 164 1731 211 1777; x_wconf 79' lang='lat' dir='ltr'><strong>at</strong></span> <span class='ocrx_word' id='word_1_210' title='bbox 232 1737 333 1778; x_wconf 86' lang='lat' dir='ltr'><strong>illius</strong></span> <span class='ocrx_word' id='word_1_211' title='bbox 359 1738 531 1778; x_wconf 88' lang='lat' dir='ltr'><strong>dictionis</strong></span> <span class='ocrx_word' id='word_1_212' title='bbox 556 1739 771 1787; x_wconf 87' lang='lat' dir='ltr'><strong>exemplum</strong></span> <span class='ocrx_word' id='word_1_213' title='bbox 798 1738 963 1778; x_wconf 82' lang='lat' dir='ltr'><strong>alterum</strong></span> <span class='ocrx_word' id='word_1_214' title='bbox 988 1749 1062 1777; x_wconf 89' lang='lat' dir='ltr'><strong>non</strong></span> <span class='ocrx_word' id='word_1_215' title='bbox 1088 1739 1224 1778; x_wconf 86' lang='lat' dir='ltr'><strong>inveni.</strong></span> 
     </span>
    </p>

    <p class='ocr_par' dir='ltr' id='par_1_4' title="bbox 163 1799 1477 2049">
     <span class='ocr_line' id='line_1_26' title="bbox 280 1799 1476 1858; baseline 0.001 -17"><span class='ocrx_word' id='word_1_216' title='bbox 280 1803 364 1842; x_wconf 83' lang='lat' dir='ltr'><strong>Iam</strong></span> <span class='ocrx_word' id='word_1_217' title='bbox 395 1814 666 1858; x_wconf 80' lang='lat' dir='ltr'><strong>persequemur</strong></span> <span class='ocrx_word' id='word_1_218' title='bbox 697 1804 825 1851; x_wconf 81' lang='lat' dir='ltr'><strong>paucis</strong></span> <span class='ocrx_word' id='word_1_219' title='bbox 857 1799 1061 1842; x_wconf 74' lang='lat' dir='ltr'><strong>inlustrare</strong></span> <span class='ocrx_word' id='word_1_220' title='bbox 1104 1804 1142 1842; x_wconf 91' lang='lat' dir='ltr'><strong>id</strong></span> <span class='ocrx_word' id='word_1_221' title='bbox 1174 1805 1273 1852; x_wconf 89' lang='lat' dir='ltr'><strong>quod</strong></span> <span class='ocrx_word' id='word_1_222' title='bbox 1311 1804 1476 1843; x_wconf 85' lang='lat' dir='ltr'><strong>breviter</strong></span> 
     </span>
     <span class='ocr_line' id='line_1_27' title="bbox 164 1867 1474 1919; baseline 0.001 -13"><span class='ocrx_word' id='word_1_223' title='bbox 164 1878 280 1917; x_wconf 87' lang='lat' dir='ltr'><strong>supra</strong></span> <span class='ocrx_word' id='word_1_224' title='bbox 305 1868 501 1918; x_wconf 78' lang='lat' dir='ltr'><strong>attigimus</strong></span> <span class='ocrx_word' id='word_1_225' title='bbox 527 1868 691 1908; x_wconf 69' lang='lat' dir='ltr'><strong>dicentoe</strong></span> <span class='ocrx_word' id='word_1_226' title='bbox 716 1867 882 1908; x_wconf 81' lang='lat' dir='ltr'><strong>litteram</strong></span> <span class='ocrx_word' id='word_1_227' title='bbox 912 1868 947 1906; x_wconf 94' lang='lat' dir='ltr'><strong>in</strong></span> <span class='ocrx_word' id='word_1_228' title='bbox 974 1868 1157 1918; x_wconf 88' lang='lat' dir='ltr'><strong>principio</strong></span> <span class='ocrx_word' id='word_1_229' title='bbox 1185 1868 1385 1908; x_wconf 87' lang='lat' dir='ltr'><strong>verborum</strong></span> <span class='ocrx_word' id='word_1_230' title='bbox 1410 1879 1474 1919; x_wconf 85' lang='lat' dir='ltr'><strong>po-</strong></span> 
     </span>
     <span class='ocr_line' id='line_1_28' title="bbox 163 1933 1477 1983; baseline 0.001 -11"><span class='ocrx_word' id='word_1_231' title='bbox 163 1934 276 1973; x_wconf 87' lang='lat' dir='ltr'><strong>sitam</strong></span> <span class='ocrx_word' id='word_1_232' title='bbox 303 1934 446 1982; x_wconf 83' lang='lat' dir='ltr'><strong>aliquid</strong></span> <span class='ocrx_word' id='word_1_233' title='bbox 473 1933 598 1973; x_wconf 82' lang='lat' dir='ltr'><strong>facere</strong></span> <span class='ocrx_word' id='word_1_234' title='bbox 622 1933 669 1973; x_wconf 87' lang='lat' dir='ltr'><strong>ad</strong></span> <span class='ocrx_word' id='word_1_235' title='bbox 695 1933 903 1983; x_wconf 81' lang='lat' dir='ltr'><strong>particulae</strong></span> <span class='ocrx_word' id='word_1_236' title='bbox 930 1933 1161 1973; x_wconf 89' lang='lat' dir='ltr'><strong>electionem.</strong></span> <span class='ocrx_word' id='word_1_237' title='bbox 1230 1936 1286 1974; x_wconf 82' lang='lat' dir='ltr'><strong>Ac</strong></span> <span class='ocrx_word' id='word_1_238' title='bbox 1312 1934 1477 1983; x_wconf 87' lang='lat' dir='ltr'><strong>legitime</strong></span> 
     </span>
     <span class='ocr_line' id='line_1_29' title="bbox 163 1998 1476 2049; baseline 0.002 -12"><span class='ocrx_word' id='word_1_239' title='bbox 163 1998 347 2047; x_wconf 85' lang='lat' dir='ltr'><strong>scriptum</strong></span> <span class='ocrx_word' id='word_1_240' title='bbox 376 2009 458 2038; x_wconf 84' lang='lat' dir='ltr'><strong>esse</strong></span> <span class='ocrx_word' id='word_1_241' title='bbox 485 1999 522 2037; x_wconf 92' lang='lat' dir='ltr'><strong>in</strong></span> <span class='ocrx_word' id='word_1_242' title='bbox 550 1999 674 2038; x_wconf 84' lang='lat' dir='ltr'><strong>verbis</strong></span> <span class='ocrx_word' id='word_1_243' title='bbox 698 2002 804 2044; x_wconf 72' lang='lat' dir='ltr'><strong>fortis</strong></span> <span class='ocrx_word' id='word_1_244' title='bbox 828 2012 871 2038; x_wconf 78' lang='lat' dir='ltr'><strong>ac</strong></span> <span class='ocrx_word' id='word_1_245' title='bbox 895 2005 1058 2038; x_wconf 74' lang='lat' dir='ltr'><strong>strenuus</strong></span> <span class='ocrx_word' id='word_1_246' title='bbox 1082 1999 1275 2047; x_wconf 87' lang='lat' dir='ltr'><strong>complura</strong></span> <span class='ocrx_word' id='word_1_247' title='bbox 1300 2000 1476 2049; x_wconf 81' lang='lat' dir='ltr'><strong>exempla</strong></span> 
     </span>
    </p>
   </div>
   <div class='ocr_carea' id='block_1_3' title="bbox 162 2064 1478 2579">
    <p class='ocr_par' dir='ltr' id='par_1_5' title="bbox 162 2064 1414 2112">
     <span class='ocr_line' id='line_1_30' title="bbox 162 2064 1414 2112; baseline 0.002 -9"><span class='ocrx_word' id='word_1_248' title='bbox 162 2064 383 2104; x_wconf 87' lang='lat' dir='ltr'><strong>docuerunt.</strong></span> <span class='ocrx_word' id='word_1_249' title='bbox 438 2065 535 2103; x_wconf 84' lang='lat' dir='ltr'><strong>Item</strong></span> <span class='ocrx_word' id='word_1_250' title='bbox 561 2076 635 2104; x_wconf 90' lang='lat' dir='ltr'><strong>non</strong></span> <span class='ocrx_word' id='word_1_251' title='bbox 660 2079 736 2112; x_wconf 74' lang='lat' dir='ltr'><strong>que,</strong></span> <span class='ocrx_word' id='word_1_252' title='bbox 762 2064 828 2104; x_wconf 84' lang='lat' dir='ltr'><strong>sed</strong></span> <span class='ocrx_word' id='word_1_253' title='bbox 854 2078 896 2104; x_wconf 83' lang='lat' dir='ltr'><strong>ao</strong></span> <span class='ocrx_word' id='word_1_254' title='bbox 919 2064 1129 2105; x_wconf 88' lang='lat' dir='ltr'><strong>adhibitum</strong></span> <span class='ocrx_word' id='word_1_255' title='bbox 1155 2068 1212 2104; x_wconf 85' lang='lat' dir='ltr'><strong>est</strong></span> <span class='ocrx_word' id='word_1_256' title='bbox 1237 2064 1297 2105; x_wconf 88' lang='lat' dir='ltr'><strong>his</strong></span> <span class='ocrx_word' id='word_1_257' title='bbox 1322 2065 1414 2106; x_wconf 84' lang='lat' dir='ltr'><strong>locis</strong></span> 
     </span>
    </p>

    <p class='ocr_par' dir='ltr' id='par_1_6' title="bbox 246 2129 1478 2579">
     <span class='ocr_line' id='line_1_31' title="bbox 248 2129 1476 2173; baseline 0.002 -11"><span class='ocrx_word' id='word_1_258' title='bbox 248 2129 328 2162; x_wconf 71' lang='lat' dir='ltr'><strong>utile</strong></span> <span class='ocrx_word' id='word_1_259' title='bbox 352 2138 391 2162; x_wconf 80' lang='lat' dir='ltr'><strong>ac</strong></span> <span class='ocrx_word' id='word_1_260' title='bbox 410 2129 558 2162; x_wconf 76' lang='lat' dir='ltr'><strong>salutare</strong></span> <span class='ocrx_word' id='word_1_261' title='bbox 578 2139 628 2170; x_wconf 87' lang='lat' dir='ltr'><strong>ep.</strong></span> <span class='ocrx_word' id='word_1_262' title='bbox 652 2131 703 2169; x_wconf 85' lang='lat'>11,</span> <span class='ocrx_word' id='word_1_263' title='bbox 724 2131 754 2162; x_wconf 89' lang='grc'><strong>8.</strong></span> <span class='ocrx_word' id='word_1_264' title='bbox 777 2132 812 2160; x_wconf 87' lang='lat' dir='ltr'><strong>et</strong></span> <span class='ocrx_word' id='word_1_265' title='bbox 833 2140 885 2170; x_wconf 86' lang='lat' dir='ltr'><strong>ep.</strong></span> <span class='ocrx_word' id='word_1_266' title='bbox 909 2131 981 2169; x_wconf 83' lang='lat'>113,</span> <span class='ocrx_word' id='word_1_267' title='bbox 1003 2131 1055 2161; x_wconf 82' lang='lat'><strong>26.</strong></span> <span class='ocrx_word' id='word_1_268' title='bbox 1097 2130 1176 2162; x_wconf 78' lang='lat' dir='ltr'><strong>utile</strong></span> <span class='ocrx_word' id='word_1_269' title='bbox 1199 2140 1239 2162; x_wconf 84' lang='lat' dir='ltr'><strong>ac</strong></span> <span class='ocrx_word' id='word_1_270' title='bbox 1259 2131 1403 2164; x_wconf 66' lang='lat' dir='ltr'><strong>sabotam-e</strong></span> <span class='ocrx_word' id='word_1_271' title='bbox 1424 2142 1476 2173; x_wconf 84' lang='lat' dir='ltr'><strong>ep.</strong></span> 
     </span>
     <span class='ocr_line' id='line_1_32' title="bbox 247 2185 1478 2229; baseline 0.001 -9"><span class='ocrx_word' id='word_1_272' title='bbox 247 2185 301 2228; x_wconf 83' lang='lat'><strong>86,</strong></span> <span class='ocrx_word' id='word_1_273' title='bbox 325 2188 373 2220; x_wconf 89' lang='grc'><strong>10.</strong></span> <span class='ocrx_word' id='word_1_274' title='bbox 414 2186 533 2219; x_wconf 69' lang='lat' dir='ltr'><strong>siccum</strong></span> <span class='ocrx_word' id='word_1_275' title='bbox 554 2185 748 2219; x_wconf 73' lang='lat' dir='ltr'><strong>aoeobrium</strong></span> <span class='ocrx_word' id='word_1_276' title='bbox 768 2196 819 2228; x_wconf 89' lang='lat' dir='ltr'><strong>ep.</strong></span> <span class='ocrx_word' id='word_1_277' title='bbox 844 2187 893 2227; x_wconf 90' lang='lat'><strong>18,</strong></span> <span class='ocrx_word' id='word_1_278' title='bbox 915 2187 946 2218; x_wconf 85' lang='lat'><strong>4.</strong></span> <span class='ocrx_word' id='word_1_279' title='bbox 968 2196 1019 2229; x_wconf 87' lang='lat' dir='ltr'><strong>ep.</strong></span> <span class='ocrx_word' id='word_1_280' title='bbox 1045 2186 1116 2228; x_wconf 83' lang='lat'>114,</span> <span class='ocrx_word' id='word_1_281' title='bbox 1137 2188 1168 2219; x_wconf 82' lang='lat'><strong>3.</strong></span> <span class='ocrx_word' id='word_1_282' title='bbox 1212 2187 1265 2219; x_wconf 86' lang='lat' dir='ltr'><strong>vel</strong></span> <span class='ocrx_word' id='word_1_283' title='bbox 1276 2187 1417 2220; x_wconf 67' lang='lat' dir='ltr'><strong>sobrium</strong></span> <span class='ocrx_word' id='word_1_284' title='bbox 1437 2198 1478 2221; x_wconf 86' lang='lat' dir='ltr'><strong>ac</strong></span> 
     </span>
     <span class='ocr_line' id='line_1_33' title="bbox 247 2244 1477 2287; baseline 0.001 -8"><span class='ocrx_word' id='word_1_285' title='bbox 247 2245 367 2279; x_wconf 58' lang='lat' dir='ltr'><strong>docum</strong></span> <span class='ocrx_word' id='word_1_286' title='bbox 387 2245 431 2278; x_wconf 88' lang='lat' dir='ltr'><strong>di.</strong></span> <span class='ocrx_word' id='word_1_287' title='bbox 451 2244 512 2278; x_wconf 88' lang='lat' dir='ltr'><strong>VII</strong></span> <span class='ocrx_word' id='word_1_288' title='bbox 536 2246 587 2286; x_wconf 84' lang='lat'>12,</span> <span class='ocrx_word' id='word_1_289' title='bbox 608 2245 637 2276; x_wconf 86' lang='lat'><strong>4.</strong></span> <span class='ocrx_word' id='word_1_290' title='bbox 681 2248 830 2278; x_wconf 76' lang='lat' dir='ltr'><strong>sanctum</strong></span> <span class='ocrx_word' id='word_1_291' title='bbox 851 2254 889 2278; x_wconf 81' lang='lat' dir='ltr'><strong>ac</strong></span> <span class='ocrx_word' id='word_1_292' title='bbox 909 2255 1040 2278; x_wconf 82' lang='lat' dir='ltr'><strong>sacrum</strong></span> <span class='ocrx_word' id='word_1_293' title='bbox 1062 2245 1094 2277; x_wconf 87' lang='lat' dir='ltr'><strong>d.</strong></span> <span class='ocrx_word' id='word_1_294' title='bbox 1124 2245 1156 2278; x_wconf 94' lang='lat' dir='ltr'><strong>b.</strong></span> <span class='ocrx_word' id='word_1_295' title='bbox 1178 2246 1194 2278; x_wconf 93' lang='lat'>1</span> <span class='ocrx_word' id='word_1_296' title='bbox 1217 2247 1269 2287; x_wconf 92' lang='grc'>10,</span> <span class='ocrx_word' id='word_1_297' title='bbox 1290 2247 1322 2278; x_wconf 87' lang='grc'><strong>2.</strong></span> <span class='ocrx_word' id='word_1_298' title='bbox 1372 2247 1477 2280; x_wconf 69' lang='lat' dir='ltr'><strong>solida</strong></span> 
     </span>
     <span class='ocr_line' id='line_1_34' title="bbox 248 2302 1475 2347; baseline 0 -10"><span class='ocrx_word' id='word_1_299' title='bbox 248 2314 288 2337; x_wconf 87' lang='lat' dir='ltr'><strong>ac</strong></span> <span class='ocrx_word' id='word_1_300' title='bbox 307 2304 504 2347; x_wconf 69' lang='lat' dir='ltr'><strong>sempiterna</strong></span> <span class='ocrx_word' id='word_1_301' title='bbox 531 2313 583 2345; x_wconf 85' lang='lat' dir='ltr'><strong>ep.</strong></span> <span class='ocrx_word' id='word_1_302' title='bbox 606 2303 658 2346; x_wconf 84' lang='lat'><strong>74,</strong></span> <span class='ocrx_word' id='word_1_303' title='bbox 682 2303 731 2335; x_wconf 90' lang='grc'><strong>16.</strong></span> <span class='ocrx_word' id='word_1_304' title='bbox 773 2302 955 2345; x_wconf 61' lang='lat' dir='ltr'><strong>splendidis</strong></span> <span class='ocrx_word' id='word_1_305' title='bbox 976 2313 1018 2336; x_wconf 84' lang='lat' dir='ltr'><strong>ac</strong></span> <span class='ocrx_word' id='word_1_306' title='bbox 1038 2304 1232 2336; x_wconf 62' lang='lat' dir='ltr'><strong>sonent-&#39;bus</strong></span> <span class='ocrx_word' id='word_1_307' title='bbox 1254 2314 1305 2346; x_wconf 82' lang='lat' dir='ltr'><strong>ep.</strong></span> <span class='ocrx_word' id='word_1_308' title='bbox 1329 2306 1401 2347; x_wconf 83' lang='lat'>114,</span> <span class='ocrx_word' id='word_1_309' title='bbox 1425 2306 1475 2338; x_wconf 83' lang='lat'><strong>14.</strong></span> 
     </span>
     <span class='ocr_line' id='line_1_35' title="bbox 246 2361 1477 2402; baseline 0 -6"><span class='ocrx_word' id='word_1_310' title='bbox 246 2371 363 2396; x_wconf 73' lang='lat' dir='ltr'><strong>emm</strong></span> <span class='ocrx_word' id='word_1_311' title='bbox 377 2373 417 2395; x_wconf 82' lang='lat' dir='ltr'><strong>ac</strong></span> <span class='ocrx_word' id='word_1_312' title='bbox 437 2361 565 2395; x_wconf 76' lang='lat' dir='ltr'><strong>salubre</strong></span> <span class='ocrx_word' id='word_1_313' title='bbox 586 2371 637 2402; x_wconf 86' lang='lat' dir='ltr'><strong>ep.</strong></span> <span class='ocrx_word' id='word_1_314' title='bbox 662 2361 694 2402; x_wconf 84' lang='lat'><strong>8,</strong></span> <span class='ocrx_word' id='word_1_315' title='bbox 709 2362 739 2393; x_wconf 84' lang='lat'><strong>5.</strong></span> <span class='ocrx_word' id='word_1_316' title='bbox 763 2370 881 2393; x_wconf 77' lang='lat' dir='ltr'><strong>sanum</strong></span> <span class='ocrx_word' id='word_1_317' title='bbox 902 2370 941 2393; x_wconf 83' lang='lat' dir='ltr'><strong>ac</strong></span> <span class='ocrx_word' id='word_1_318' title='bbox 961 2361 1121 2394; x_wconf 71' lang='lat' dir='ltr'><strong>sincerum</strong></span> <span class='ocrx_word' id='word_1_319' title='bbox 1144 2361 1206 2400; x_wconf 75' lang='lat' dir='ltr'><strong>(nie</strong></span> <span class='ocrx_word' id='word_1_320' title='bbox 1227 2361 1370 2395; x_wconf 68' lang='lat' dir='ltr'><strong>nannius</strong></span> <span class='ocrx_word' id='word_1_321' title='bbox 1384 2365 1477 2396; x_wconf 84' lang='lat' dir='ltr'><strong>recte</strong></span> 
     </span>
     <span class='ocr_line' id='line_1_36' title="bbox 248 2418 1476 2463; baseline 0.001 -10"><span class='ocrx_word' id='word_1_322' title='bbox 248 2423 287 2452; x_wconf 77' lang='lat' dir='ltr'><strong>ut</strong></span> <span class='ocrx_word' id='word_1_323' title='bbox 308 2419 441 2453; x_wconf 76' lang='lat' dir='ltr'><strong>videtur</strong></span> <span class='ocrx_word' id='word_1_324' title='bbox 463 2430 526 2462; x_wconf 86' lang='lat' dir='ltr'><strong>pro</strong></span> <span class='ocrx_word' id='word_1_325' title='bbox 547 2429 574 2452; x_wconf 78' lang='lat' dir='ltr'><strong>e.</strong></span> <span class='ocrx_word' id='word_1_326' title='bbox 595 2429 635 2452; x_wconf 82' lang='lat' dir='ltr'><strong>ac</strong></span> <span class='ocrx_word' id='word_1_327' title='bbox 655 2418 787 2461; x_wconf 72' lang='lat' dir='ltr'><strong>siccum)</strong></span> <span class='ocrx_word' id='word_1_328' title='bbox 809 2429 860 2463; x_wconf 50' lang='lat' dir='ltr'><strong>ep.</strong></span> <span class='ocrx_word' id='word_1_329' title='bbox 882 2419 935 2460; x_wconf 88' lang='grc'><strong>66,</strong></span> <span class='ocrx_word' id='word_1_330' title='bbox 958 2420 989 2451; x_wconf 82' lang='grc'><strong>6.</strong></span> <span class='ocrx_word' id='word_1_331' title='bbox 1026 2420 1161 2452; x_wconf 70' lang='lat' dir='ltr'><strong>stndtwm</strong></span> <span class='ocrx_word' id='word_1_332' title='bbox 1183 2430 1223 2453; x_wconf 86' lang='lat' dir='ltr'><strong>ac</strong></span> <span class='ocrx_word' id='word_1_333' title='bbox 1243 2430 1476 2463; x_wconf 68' lang='lat' dir='ltr'><strong>supervacuum</strong></span> 
     </span>
     <span class='ocr_line' id='line_1_37' title="bbox 247 2476 1476 2520; baseline 0.001 -10"><span class='ocrx_word' id='word_1_334' title='bbox 247 2486 300 2519; x_wconf 78' lang='lat' dir='ltr'><strong>op.</strong></span> <span class='ocrx_word' id='word_1_335' title='bbox 324 2477 395 2518; x_wconf 72' lang='lat'>102,</span> <span class='ocrx_word' id='word_1_336' title='bbox 416 2479 447 2510; x_wconf 79' lang='lat'><strong>4.</strong></span> <span class='ocrx_word' id='word_1_337' title='bbox 495 2477 532 2509; x_wconf 77' lang='lat' dir='ltr'><strong>in</strong></span> <span class='ocrx_word' id='word_1_338' title='bbox 553 2476 656 2509; x_wconf 72' lang='lat' dir='ltr'><strong>solido</strong></span> <span class='ocrx_word' id='word_1_339' title='bbox 675 2485 716 2509; x_wconf 81' lang='lat' dir='ltr'><strong>ac</strong></span> <span class='ocrx_word' id='word_1_340' title='bbox 737 2485 849 2510; x_wconf 73' lang='lat' dir='ltr'><strong>sereno</strong></span> <span class='ocrx_word' id='word_1_341' title='bbox 870 2476 903 2508; x_wconf 82' lang='lat' dir='ltr'><strong>d.</strong></span> <span class='ocrx_word' id='word_1_342' title='bbox 926 2477 956 2509; x_wconf 91' lang='lat' dir='ltr'><strong>b.</strong></span> <span class='ocrx_word' id='word_1_343' title='bbox 980 2476 1041 2509; x_wconf 85' lang='lat' dir='ltr'><strong>vll</strong></span> <span class='ocrx_word' id='word_1_344' title='bbox 1065 2478 1093 2517; x_wconf 88' lang='lat'>1,</span> <span class='ocrx_word' id='word_1_345' title='bbox 1115 2479 1146 2509; x_wconf 89' lang='grc'><strong>7.</strong></span> <span class='ocrx_word' id='word_1_346' title='bbox 1194 2478 1303 2511; x_wconf 68' lang='lat' dir='ltr'><strong>ster-ae</strong></span> <span class='ocrx_word' id='word_1_347' title='bbox 1320 2488 1359 2511; x_wconf 76' lang='lat' dir='ltr'><strong>ac</strong></span> <span class='ocrx_word' id='word_1_348' title='bbox 1378 2487 1476 2520; x_wconf 66' lang='lat' dir='ltr'><strong>squa-</strong></span> 
     </span>
     <span class='ocr_line' id='line_1_38' title="bbox 246 2534 1355 2579; baseline -0.002 -10"><span class='ocrx_word' id='word_1_349' title='bbox 246 2535 350 2569; x_wconf 68' lang='lat' dir='ltr'><strong>udum</strong></span> <span class='ocrx_word' id='word_1_350' title='bbox 370 2546 403 2568; x_wconf 86' lang='lat' dir='ltr'><strong>n.</strong></span> <span class='ocrx_word' id='word_1_351' title='bbox 425 2546 457 2577; x_wconf 88' lang='lat' dir='ltr'><strong>q.</strong></span> <span class='ocrx_word' id='word_1_352' title='bbox 479 2535 524 2568; x_wconf 88' lang='lat' dir='ltr'><strong>IV</strong></span> <span class='ocrx_word' id='word_1_353' title='bbox 545 2535 576 2576; x_wconf 87' lang='lat'><strong>2,</strong></span> <span class='ocrx_word' id='word_1_354' title='bbox 597 2536 628 2567; x_wconf 81' lang='lat'><strong>9.</strong></span> <span class='ocrx_word' id='word_1_355' title='bbox 670 2535 813 2576; x_wconf 62' lang='lat' dir='ltr'><strong>spissam</strong></span> <span class='ocrx_word' id='word_1_356' title='bbox 834 2544 874 2567; x_wconf 82' lang='lat' dir='ltr'><strong>ac</strong></span> <span class='ocrx_word' id='word_1_357' title='bbox 888 2534 1036 2579; x_wconf 30' lang='lat' dir='ltr'><strong>&#39;solidum</strong></span> <span class='ocrx_word' id='word_1_358' title='bbox 1058 2546 1089 2567; x_wconf 87' lang='lat' dir='ltr'><strong>n.</strong></span> <span class='ocrx_word' id='word_1_359' title='bbox 1114 2545 1145 2575; x_wconf 90' lang='lat' dir='ltr'><strong>q.</strong></span> <span class='ocrx_word' id='word_1_360' title='bbox 1167 2534 1228 2567; x_wconf 90' lang='lat' dir='ltr'><strong>VII</strong></span> <span class='ocrx_word' id='word_1_361' title='bbox 1249 2536 1302 2576; x_wconf 74' lang='lat'><strong>26,</strong></span> <span class='ocrx_word' id='word_1_362' title='bbox 1327 2537 1355 2572; x_wconf 80' lang='grc'>1,</span> 
     </span>
    </p>
   </div>
  </div>
 </body>
</html>
