1735 2760
825 95 897 145 [65

218 219 346 259 codice
369 220 419 267 E,
457 220 494 259 in
531 232 605 269 quo
643 224 729 271 post
751 210 908 263 verbum
933 224 1086 269 somam
1120 219 1294 260 additum
1321 223 1380 260 est
1405 234 1448 260 esc
1475 234 1524 260 eo.

220 284 306 324 Non
335 296 424 326 vero
461 289 589 326 exstat
624 286 662 325 in
703 287 833 327 eodem
871 286 1007 335 codice,
1044 285 1144 335 quod
1182 285 1335 333 quidem
1362 285 1531 324 enotavit

219 350 433 399 Fickertus,
476 356 648 391 trahatur.
710 352 867 393 Erravit
907 352 939 392 is
982 352 1040 391 vir
1077 354 1117 392 et
1149 351 1189 390 in
1215 361 1380 390 errorem
1406 350 1532 390 iniecit

219 414 414 467 Haasium,
439 417 505 467 qui
530 428 578 457 ex
605 417 726 469 praua
750 417 938 467 scriptura
955 427 1113 467 pravam
1130 415 1255 455 effecit
1277 416 1528 455 coniecturam

219 480 432 522 travehatar.
471 483 568 523 Nam
595 487 639 524 ut
664 484 840 525 docemur
864 483 1048 524 Larischii
1074 494 1172 523 nova
1191 481 1400 523 conlatione
1417 479 1530 531 prImi

218 558 255 585 n.
290 558 325 595 q.
358 538 465 596 libri,
506 549 699 598 proposita
734 550 773 588 in
809 551 1094 598 programmate
1120 547 1331 596 Saganensi
1356 559 1391 586 a.
1420 546 1529 592 1870,

217 616 337 652 trahat
372 613 472 654 illius
510 614 644 654 codicis
673 618 731 655 est
756 615 887 664 lectio,
926 624 1041 663 quam
1066 625 1115 654 ex
1140 617 1260 653 turbat
1287 615 1418 652 natam
1443 621 1527 650 esse

217 677 445 726 persuadere
482 679 573 719 mihi
611 690 686 719 non
723 691 888 730 possum.
940 680 1039 720 Puto
1078 679 1168 719 olim
1201 679 1383 728 scriptum
1410 675 1528 716 fuisse

219 747 395 783 detrectat.
446 744 527 785 Hoc
561 749 689 785 autem
722 757 770 785 ne
804 746 988 794 omittam,
1016 756 1102 785 cum
1125 744 1159 784 Ε
1184 747 1224 784 et
1247 744 1277 783 B
1305 747 1394 783 ante
1423 743 1528 782 exhi-

219 808 334 849 beant
371 814 450 858 dat,
488 811 730 851 indicativum
769 812 922 852 modum
960 822 1035 850 non
1065 810 1336 859 temptabimus
1359 808 1529 849 inoffensi

219 875 505 916 constructionis
529 877 749 916 mutatione.

345 939 469 990 Supra
503 942 578 981 iam
604 942 802 992 attigimus
828 941 1014 991 descripto
1040 941 1089 981 di.
1117 940 1190 981 VH
1217 942 1252 989 3,
1280 942 1304 980 3
1334 951 1380 980 ea
1403 951 1528 980 exem-

218 1004 283 1052 pla
305 1004 369 1043 ubi
395 1005 433 1043 in
456 1005 579 1044 locum
606 1006 758 1053 repetiti
783 1005 945 1045 nominis
966 1016 1174 1054 pronomen
1192 1005 1441 1045 substitutum
1458 1008 1528 1044 est.

219 1070 346 1118 Atque
369 1081 644 1119 supervacuum
670 1071 742 1109 erit
767 1071 893 1111 omnia
918 1070 1032 1111 huius
1054 1072 1169 1110 notae
1194 1070 1369 1119 exempla
1382 1069 1431 1110 ad
1444 1081 1529 1110 ver-

218 1134 309 1173 bum
334 1134 487 1185 referre,
512 1146 632 1184 pauca
658 1135 909 1175 satisfacient:
931 1142 1097 1183 parentes
1114 1140 1280 1183 beheriqtce
1295 1149 1414 1175 eorum
1430 1135 1467 1174 d.
1482 1135 1528 1173 cl.

219 1200 238 1239 I
262 1201 298 1246 8,
326 1201 358 1240 7.
396 1204 507 1249 primi
538 1205 739 1241 mortalium
763 1206 889 1250 quique
914 1216 956 1241 ea:
980 1205 1036 1241 his
1060 1206 1171 1250 yeniti
1194 1212 1252 1251 ep.
1271 1201 1331 1249 90,
1360 1201 1395 1239 4.
1439 1199 1528 1239 Per-

218 1276 310 1305 sona
347 1269 474 1305 autem
513 1270 630 1315 atque
671 1278 732 1307 res
772 1267 821 1307 ad
852 1279 937 1307 eam
971 1267 1164 1316 pertinens
1192 1268 1411 1308 coniunctae
1437 1269 1529 1306 sunt

217 1338 460 1381 praeceptores
499 1346 684 1381 eorumque
718 1336 882 1379 beneficia
918 1333 953 1373 d.
985 1333 1022 1372 b.
1055 1333 1116 1373 ΙΠ
1148 1334 1182 1382 3,
1211 1334 1247 1373 4.
1298 1344 1360 1373 res
1393 1334 1432 1371 et
1465 1321 1528 1372 res

217 1401 450 1436 condicionem
485 1403 596 1437 maris
632 1412 820 1447 cursusque
858 1404 932 1438 eius
969 1399 1017 1437 di.
1056 1399 1132 1437 XII
1174 1399 1235 1446 20,
1271 1399 1306 1437 2.
1381 1397 1528 1437 Similia

221 1464 328 1501 sunt:
371 1471 429 1510 ep.
455 1462 515 1511 95,
542 1462 603 1501 43.
642 1474 700 1511 ep.
728 1463 811 1513 110,
834 1463 869 1502 9.
908 1462 943 1501 d.
969 1462 1003 1502 b.
1028 1461 1083 1502 IV
1108 1462 1142 1510 7,
1171 1463 1203 1502 1.
1244 1462 1280 1502 d.
1298 1462 1335 1501 b.
1353 1461 1386 1501 V
1406 1462 1464 1509 10,
1495 1462 1527 1500 1.

220 1526 268 1565 di.
297 1527 330 1566 V
355 1528 416 1575 34,
444 1529 476 1566 1.
519 1527 568 1565 di.
596 1528 667 1566 VII
687 1529 747 1576 20,
773 1529 815 1575 6.
846 1528 975 1567 dis-XI
1000 1529 1035 1574 9,
1065 1530 1098 1567 7.
1138 1528 1186 1567 di.
1213 1528 1287 1566 XII
1315 1528 1378 1576 20,
1404 1528 1439 1566 2.

342 1592 547 1632 Rarissime
582 1595 711 1632 autem
748 1607 791 1633 ac
828 1593 867 1632 in
903 1593 1045 1633 talibus
1077 1592 1274 1632 sententiis
1301 1592 1529 1632 conlocatur.

221 1657 347 1705 Atque
376 1668 493 1696 unum
525 1660 676 1696 tantum
706 1658 920 1707 exemplum
945 1659 1021 1708 legi
1044 1659 1145 1707 quod
1172 1658 1284 1706 plane
1310 1669 1396 1697 cum
1423 1659 1527 1696 ante·

219 1722 435 1763 cedentibus
470 1724 696 1772 congrueret
727 1728 842 1762 terrae
873 1736 915 1762 ac
944 1727 1052 1762 terris
1076 1727 1192 1762 vicina
1216 1733 1252 1760 n.
1280 1733 1316 1772 q.
1339 1722 1358 1761 Ι
1383 1733 1440 1771 pr.
1469 1722 1530 1761 14.

218 1789 353 1828 Uetera
377 1799 465 1827 vero
493 1789 650 1837 paulum
674 1789 750 1828 iam
776 1789 823 1828 ab
847 1790 919 1829 hac
943 1787 1170 1828 formatione
1188 1787 1391 1828 deflectunt
1408 1793 1530 1828 miser-

218 1857 330 1893 rimus
365 1867 407 1893 ac
444 1857 642 1894 miserrima
678 1857 794 1894 omnia
829 1857 984 1902 efficiens
1014 1864 1071 1904 ep.
1113 1853 1196 1901 101,
1232 1854 1291 1892 10.
1344 1855 1529 1901 Cambyses

216 1922 374 1965 furiosus
406 1933 447 1958 ac
481 1923 606 1965 furore
629 1923 780 1966 feliciter
802 1933 888 1958 usus
914 1930 972 1969 ep.
999 1919 1060 1967 86,
1089 1919 1122 1958 1.
1189 1918 1326 1967 quibus
1350 1918 1530 1958 adstruas

219 1993 277 2032 ep.
304 1984 365 2031 92,
391 1984 451 2023 30.
494 1994 551 2032 ep.
580 1984 663 2032 102,
692 1985 751 2023 15.
814 1987 950 2024 laetitia
982 1988 1057 2024 alta
1092 1989 1195 2032 atque
1220 1998 1264 2024 ex
1295 1987 1368 2024 alto
1391 1988 1530 2024 veniens

218 2048 267 2087 di.
293 2047 368 2088 VH
392 2049 429 2096 4,
454 2049 490 2088 4.

859 2172 929 2213 XI.

339 2248 556 2288 Sententiae
572 2248 634 2288 vel
657 2248 828 2288 notiones
852 2247 1063 2288 contrariae
1088 2248 1136 2287 de
1154 2248 1290 2297 quibus
1306 2249 1405 2289 idem
1417 2250 1530 2298 valet,

220 2325 269 2354 ex
300 2324 420 2362 aequo
451 2316 720 2363 saepenumero
761 2316 954 2362 ponuntur
985 2323 1054 2362 per
1083 2318 1175 2353 et-et.
1228 2314 1426 2354 Interdum
1460 2315 1532 2355 hoc

221 2380 337 2421 etiam
361 2387 430 2430 per
457 2393 604 2428 que-que
627 2377 709 2419 fieri
726 2389 844 2428 supra
864 2379 1047 2427 vidimus,
1088 2379 1278 2420 artissime
1303 2382 1432 2420 tamen
1459 2380 1531 2420 cir-

221 2445 471 2493 cumscriptus
496 2445 557 2483 hic
575 2455 667 2484 usus
694 2447 846 2493 praeter
872 2455 936 2483 eos
962 2444 1067 2483 locos
1083 2444 1147 2483 ubi
1166 2446 1290 2484 oratio
1307 2457 1375 2495 per
1391 2446 1531 2495 duplex

220 2510 459 2552 enuntiatum
493 2509 696 2552 relativum
732 2509 992 2561 progreditur,
1034 2520 1109 2549 non
1135 2510 1340 2551 invenitur.
1391 2511 1532 2552 Rarius

1267 2593 1287 2624 5
