1735 2760
0 2059 4 2147 b

0 2151 6 2462 J

810 133 859 172 27

186 254 247 291 83.
272 254 321 291 22
345 257 431 291 haec
456 250 523 301 (sc.
547 251 699 301 publiea
734 251 913 300 ebrietas)
937 256 1131 291 acerrimas
1157 256 1275 299 yentes
1299 254 1491 290 bolum-

185 331 252 366 ανα
275 321 430 357 hostibus
454 320 615 357 tradidit.
665 316 779 357 Latet
801 319 931 357 autem
956 316 995 355 in
1020 316 1142 356 altero
1157 314 1271 354 verbo
1289 315 1379 354 licet
1393 315 1492 364 posi-

185 382 305 421 tivum
329 383 489 431 gradum
512 385 665 422 tenente
688 382 747 421 vis
771 381 1003 430 superlativi.
1032 380 1177 420 Eodem
1200 380 1311 420 modo
1329 381 1493 429 priorem

186 457 313 487 vocem
353 446 531 497 restringi
563 450 657 496 puto
695 446 735 486 in
760 446 1028 497 compositione
1048 459 1121 494 par
1145 449 1337 493 θΜέθανα
1361 444 1410 484 di.
1435 445 1494 483 III

186 514 245 559 10,
275 515 295 552 1
322 517 362 552 et
389 514 448 560 10,
471 514 507 552 3.

304 577 516 617 Admodum
562 588 648 617 raro
688 577 763 616 duo
804 578 991 617 adiectiva
1028 577 1137 615 iuxta
1175 576 1313 625 posita⁴
1334 575 1493 614 inveniri

184 645 289 693 puto,
312 643 373 682 ubi
400 642 619 682 adverbium
643 646 683 682 et
708 642 935 683 adiectivum
955 644 1161 692 exspectes.
1200 640 1262 680 Sic
1287 640 1388 688 quod
1401 639 1492 688 legi-

185 711 248 747 tur
272 707 321 746 di.
344 707 400 746 IX
426 708 460 755 1,
486 708 510 746 6
546 711 642 747 cibus
676 712 852 755 parabilis
874 711 1062 755 facilisque
1084 705 1411 756 interpretandum
1437 707 1495 744 est

185 773 255 813 ita:
294 772 398 812 cibus
435 772 500 822 qui
536 771 648 812 facile
684 773 863 822 paratur,
904 778 944 812 et
966 773 1017 813 di.
1044 773 1078 811 V
1104 774 1138 820 2,
1166 774 1189 811 5
1210 774 1366 820 populus
1387 774 1495 809 ductu

185 842 263 878 irae
298 852 384 878 suae
420 852 579 887 eqo-ossus
612 841 764 885 fortuita
793 844 969 887 raptaque
988 841 1057 886 pro
1083 842 1195 877 armis
1216 841 1325 886 gessit
1348 834 1494 875 intelle-

185 905 329 951 guntur
353 913 414 941 res
441 903 640 952 adreptae,
668 907 713 942 ut
738 903 816 943 fors
840 902 940 942 tulit.
994 902 1096 942 Talis
1119 901 1311 941 interdum
1332 901 1494 940 duorum

189 966 460 1010 adiectivorum
499 968 598 1021 ratio
620 970 696 1017 est,
736 970 782 1008 ιιι
804 967 911 1019 prius
935 968 1109 1008 universe
1130 967 1274 1007 dictum
1299 977 1374 1017 quo
1399 964 1494 1005 refe-

188 1032 346 1071 rendum
373 1033 434 1080 sit,
463 1034 584 1072 altero
609 1033 805 1073 indicetur.
856 1033 916 1073 Sic
931 1034 1125 1078 adiectivis
1138 1037 1235 1079 utile,
1261 1036 1495 1072 necessarium

185 1097 353 1143 succedit
384 1102 507 1148 vitale,
546 1101 591 1138 ut
628 1098 841 1139 declaretur
879 1098 1012 1139 utilem
1038 1098 1099 1138 vel
1134 1097 1384 1138 necessariam
1410 1106 1495 1136 esse

185 1173 266 1202 rem
306 1168 635 1204 commemoratam
663 1165 713 1205 ad
735 1166 855 1205 vitam
881 1164 1107 1214 degendam
1152 1163 1254 1217 quod
1277 1162 1323 1203 fit
1347 1173 1406 1212 ep.
1432 1163 1493 1211 39,

184 1229 221 1267 4.
248 1239 285 1267 ιι.
308 1239 343 1278 q.
372 1228 406 1268 V
434 1230 491 1277 18,
522 1230 555 1268 1.
581 1229 617 1268 d.
646 1229 683 1269 b.
708 1229 764 1269 IV
788 1231 849 1279 24,
877 1231 911 1268 1.

304 1293 603 1344 Explicationem
646 1298 715 1336 aut
759 1294 1112 1344 interpretationem
1147 1293 1282 1344 prioris
1318 1292 1491 1333 adiectivi

184 1359 245 1400 his
281 1359 399 1399 habes
428 1358 536 1399 locis:
571 1373 763 1408 numquam
792 1364 850 1399 vir
882 1364 943 1400 ille
974 1364 1155 1408 perfectus
1180 1363 1395 1407 adeptusque
1419 1363 1492 1397 vir-

183 1430 292 1466 tutem
316 1428 482 1473 fortunae
504 1429 689 1466 maledixit
715 1436 774 1475 ep.
800 1426 884 1473 120,
903 1425 961 1465 12.
985 1429 1126 1466 solitum
1141 1429 1360 1474 quietumque
1375 1427 1495 1473 effredi

185 1493 343 1530 habitum
364 1490 413 1529 di.
439 1491 498 1530 ΠΙ
526 1492 560 1537 1,
588 1492 623 1530 5.

303 1555 444 1596 Verum
487 1556 640 1606 quidem
677 1558 739 1596 est
777 1555 935 1596 diversis
976 1555 1097 1596 modis
1135 1554 1176 1594 in
1210 1554 1270 1595 his
1311 1553 1493 1604 exemplis

183 1619 351 1665 rationes
386 1621 657 1660 adiectivorum
697 1621 879 1670 explicari
917 1624 1034 1669 atque
1071 1622 1165 1661 adeo
1204 1620 1334 1670 plures
1369 1619 1418 1659 ab
1448 1630 1493 1659 eo

184 1683 307 1725 facile·
320 1685 480 1725 inveniri
500 1696 609 1742 posse
629 1685 694 1734 qui
707 1685 855 1736 pondus
881 1685 1080 1726 verborum
1099 1686 1289 1726 subtiliter
1303 1685 1494 1725 examina-

183 1749 291 1789 verit.
342 1750 387 1789 In
426 1751 645 1791 universum
684 1754 811 1791 tamen
850 1751 1057 1791 cavendum
1094 1755 1162 1799 est,
1204 1763 1252 1791 ne
1276 1750 1494 1791 discrimina

183 1815 527 1865 comminiscamur,
562 1827 663 1866 quae
685 1816 847 1866 scriptor
868 1816 974 1856 nullo
998 1816 1108 1857 modo
1134 1815 1365 1865 cogitaverit.
1415 1815 1494 1855 Nos

182 1890 274 1930 ergo
299 1892 376 1921 non
400 1880 657 1922 dubitabimus
686 1881 899 1923 adscribere
924 1881 1049 1922 omnia
1074 1882 1250 1933 exempla
1274 1881 1330 1921 ita
1342 1891 1494 1930 compa·

182 1949 269 1988 rata
292 1946 404 1986 alteri
429 1948 571 1996 generi,
598 1946 699 1996 quod
722 1949 782 1987 est
806 1948 1075 1988 adjectivorum
1103 1946 1301 1988 adfinitate
1328 1946 1494 1995 quadam

181 2009 477 2051 coniunctorum.

308 2075 378 2115 His
411 2075 490 2115 fere
530 2075 758 2116 absolvimus
796 2087 895 2125 quae
919 2076 990 2116 hoc
1023 2076 1104 2115 loco
1130 2076 1288 2116 dicenda
1314 2079 1425 2116 erant
1447 2076 1495 2117 de

183 2152 254 2189 usu
281 2142 490 2191 particulae
523 2156 600 2193 ανθ.
652 2142 726 2183 Sed
762 2145 968 2193 antequam
1001 2142 1048 2183 de
1073 2144 1176 2192 atque
1201 2143 1355 2192 loquar,
1395 2152 1495 2183 unus

182 2207 309 2249 adhuc
345 2207 450 2259 locus
488 2206 735 2258 proferendus
773 2211 830 2256 et,
871 2209 903 2248 si
938 2219 1118 2259 prospere
1142 2209 1243 2249 cedit
1268 2209 1493 2256 coniectura,

183 2272 439 2314 emendandus
477 2276 551 2321 est,
592 2273 682 2321 quia
720 2274 795 2313 duo
834 2284 932 2322 quae
962 2275 1012 2314 ibi
1037 2275 1281 2316 inveniuntur
1309 2275 1495 2315 adiectiva

182 2337 370 2388 copulata,
397 2337 489 2377 nihil
514 2337 656 2379 habent
680 2339 839 2379 rationis
863 2350 930 2379 cur
956 2339 1192 2389 copulentur.
1231 2341 1278 2380 In
1293 2341 1354 2380 his
1371 2340 1494 2380 verbis

182 2414 220 2442 n.
245 2413 283 2451 q.
310 2402 363 2442 VI
387 2404 450 2451 32,
473 2405 498 2442 3
522 2408 655 2451 ὑιαοηιι·
681 2408 799 2452 itaque
823 2409 940 2443 aniaeno
963 2418 1058 2444 mors
1081 2411 1308 2453 provocanda
1335 2412 1396 2454 est,
1422 2411 1494 2445 eive

180 2480 245 2507 nos
267 2481 379 2517 aequo
403 2474 565 2517 vastoque
588 2472 723 2516 mpetu
745 2472 967 2519 adm-editur,
1001 2474 1074 2509 sive
1096 2474 1271 2510 cotidiano
1295 2476 1329 2509 et
1353 2474 1493 2519 volqan'

0 2541 16 2760 ι
120 2553 122 2555 -
183 2536 289 2581 exim,
316 2533 459 2573 nullam
485 2532 593 2574 video
617 2533 721 2575 viam
744 2545 859 2585 quam
885 2535 969 2583 quis
993 2534 1155 2577 feliciter
1179 2536 1283 2577 ineat
1302 2536 1352 2577 ad
1372 2535 1492 2585 expli-
