1735 2760
833 124 886 181 ‘⁶7

210 261 301 301 dum
329 273 414 302 cum
438 276 480 301 ac
503 266 693 311 nequitiae,
720 262 759 301 in
783 272 858 310 quo
883 261 1058 310 displicet
1082 260 1330 300 commissura
1355 259 1517 298 duorum

209 329 380 370 diversae
426 330 583 371 rationis
628 330 888 380 genetivorum
930 332 1077 381 hnmani
1110 331 1250 377 yeneris
1281 330 1321 367 et
1361 331 1516 374 fraudis.

208 392 333 434 Aliam
374 405 463 443 ergo
495 395 706 444 corrigendi
731 395 832 433 viam
859 395 1052 443 ingressus
1078 400 1110 432 et
1135 393 1321 431 intactum
1345 393 1517 440 relinquo

207 462 247 499 et
278 459 453 500 mendum
485 460 636 500 vocibus
666 464 811 501 humani
830 448 970 508 ,aenei-is
994 459 1149 499 subesse
1177 457 1355 506 suspicor.
1408 456 1517 496 Desi-

207 524 364 564 deratur
388 525 487 564 enim
500 525 656 565 verbum
684 537 757 574 quo
785 522 956 576 apertius
982 522 1022 563 et
1048 524 1188 564 clarius
1214 523 1277 562 illa
1302 534 1363 562 res
1383 533 1514 571 argen-

210 583 331 639 taria,‘
361 589 409 630 de
444 601 519 641 qua
543 591 688 641 agitur,
727 584 946 640 castigetur.
997 588 1241 630 Scribendum
1266 597 1356 638 ergo
1383 598 1515 627 censeo

209 660 391 695 inhumani
413 644 557 702 fenoris,
583 666 681 704 quae
707 656 920 695 coniectura
943 655 1088 695 firmari
1102 657 1151 694 ‘et
1167 649 1401 705 comprobari
1414 654 1516 693 vide-

207 709 273 760 tur
297 719 461 760 Senecae
493 719 617 760 verbis
649 731 746 771 quae
778 720 957 770 leguntur
991 720 1029 758 in
1060 714 1134 758 fine
1159 720 1272 759 huius
1298 719 1432 773 capitis
1456 723 1517 766 qui

209 789 272 826 dat
298 790 470 833 beneficia,
497 790 579 826 deos
603 790 773 832 imitatem,
800 790 861 834 qui
885 790 1019 833 repetit,
1050 782 1277 832 feneratores.

819 905 907 945 XII.

327 975 365 1014 Si
397 976 508 1023 plura
539 977 692 1015 nomina
717 977 778 1014 vel
815 976 1011 1014 enuntiata
1046 976 1177 1014 eodem
1204 975 1286 1013 iure
1311 964 1515 1024 ponuntur,

210 1039 368 1089 singulis
394 1040 530 1088 copula
555 1042 623 1078 aut
646 1051 720 1079 non
745 1039 1013 1088 interponitur,
1043 1051 1140 1089 quae
1166 1043 1225 1080 est
1249 1039 1372 1089 figura
1398 1039 1515 1079 disso-

209 1104 374 1152 lutionis,
401 1109 468 1143 aut
493 1104 755 1152 interponitur,
783 1105 883 1152 quod
910 1097 1068 1144 vocetur
1092 1106 1375 1155 polysyndeton.
1413 1104 1516 1144 Rara

208 1171 338 1208 tamen
371 1169 411 1207 in
433 1168 638 1217 posteriore
663 1168 786 1218 figura
812 1171 871 1207 est
896 1169 1127 1208 coacervatio
1153 1169 1426 1217 particularum
1451 1183 1516 1216 que

210 1236 249 1271 et
272 1246 325 1280 ac,
352 1243 512 1280 quarum
537 1232 603 1271 illa
621 1235 664 1271 ut
680 1233 805 1280 rigore
822 1244 866 1272 ac
882 1232 1061 1272 firmitate
1078 1233 1309 1281 compaginis
1329 1237 1518 1281 augeatur

142 1299 144 1301 '
207 1298 375 1347 gravitas
401 1297 620 1346 verborum,
659 1297 827 1347 legitime
863 1296 1015 1347 ponitur
1049 1298 1087 1336 in
1115 1297 1451 1337 senatusconsultis
1477 1300 1517 1337 et

207 1363 377 1403 decretis.
429 1362 558 1402 Utitur
594 1373 684 1411 ergo
704 1363 780 1402 ‘hac
805 1363 977 1402 sollemni
1002 1362 1147 1402 dicendi
1173 1362 1322 1423 ratione
1345 1362 1515 1424 Dispiter

207 1429 246 1467 in
276 1427 365 1466 ludo
395 1439 426 1468 c.
453 1426 496 1474 9,
536 1427 601 1467 ubi
634 1427 860 1468 sententiam
883 1424 958 1467 fert
982 1428 1029 1466 de
1054 1428 1139 1467 divo
1167 1426 1323 1467 Claudio
1349 1427 1449 1467 hunc
1476 1427 1515 1466 iu

209 1493 361 1531 modum
403 1507 481 1532 cum
518 1512 569 1521 —-
603 1498 779 1541 continyat
800 1498 1002 1547 'lonqeque
1041 1515 1083 1520 —
1124 1496 1308 1531 antecellat
1340 1497 1474 1539 sitque
1499 1507 1517 1531 e

125 1598 128 1601 ,
206 1558 393 1605 republica,
417 1571 536 1596 censeo
560 1563 600 1596 ut
630 1578 670 1585 —-
699 1561 784 1597 deus
805 1561 852 1596 sit
878 1555 1041 1605 eamque
1066 1570 1143 1595 rem
1165 1556 1516 1603 admotamorphosis

206 1625 324 1661 Ovidii
356 1625 584 1660 ada-tendam,
637 1622 763 1669 Atque
796 1621 977 1660 maiorem
1011 1625 1111 1660 certe
1138 1622 1212 1660 vim
1237 1622 1359 1660 voluit
1393 1622 1515 1660 inesse

207 1686 348 1727 Seneca
387 1687 502 1725 etiam
540 1688 742 1734 praecepto
777 1685 877 1735 quod
915 1685 983 1725 dat
1014 1686 1061 1724 de
1095 1685 1217 1724 officio
1244 1686 1454 1734 regentium
1476 1689 1517 1725 et

208 1751 454 1791 iudicantium
479 1750 528 1789 di.
551 1750 609 1788 ΙΙΙ
635 1751 671 1799 6,
697 1751 721 1788 3
745 1756 797 1790 ita
830 1754 946 1799 leyam
976 1754 1177 1797 praesidem
1200 1754 1418 1798 civitatisque
1442 1765 1516 1790 rec-

207 1822 316 1856 torem
353 1820 447 1855 decet
479 1836 520 1843 —
549 1819 691 1864 inqenia
719 1828 863 1860 curare,
901 1821 941 1853 ut
975 1817 1142 1861 facienda
1171 1818 1320 1854 suadeat
1344 1819 1516 1863 cupidita-

209 1878 358 1929 tonoque
391 1884 526 1919 honesti
560 1886 593 1918 et
628 1884 732 1927 aequi
769 1883 927 1918 conciliet
960 1884 1088 1918 animis
1122 1883 1318 1927 faciatque
1351 1885 1516 1919 vitiorum

207 1949 335 1991 odium,
360 1949 515 1992 pretium
539 1947 717 1982 virtutum.
770 1945 823 1982 At
847 1943 1077 1983 deminuitur
1102 1944 1292 1992 elegantia
1317 1946 1515 1993 sermonis,

208 2010 240 2050 si
262 2009 479 2059 duplicatur
504 2008 690 2061 particula
714 2008 778 2047 ubi
804 2008 871 2047 illa
896 2009 994 2047 ratio
1020 2019 1097 2047 non
1123 2009 1297 2057 adparet,
1319 2010 1434 2057 quale
1459 2015 1519 2050 est

208 2074 307 2124 quod
343 2073 485 2122 legitur
513 2084 549 2113 n.
576 2083 612 2121 q.
638 2073 693 2112 VI
718 2074 750 2119 1,
782 2073 831 2112 10
863 2077 951 2112 istos
988 2077 1054 2121 qui*
1084 2075 1301 2120 Campaniae
1337 2079 1518 2114 renuntia-

211 2145 335 2178 verunt
359 2144 500 2186 quique
524 2159 569 2166 —-
590 2143 847 2186 emim-averunt
871 2133 1085 2186 neqantque
1118 2160 1160 2166 -
1183 2143 1282 2185 ipsos
1305 2153 1517 2187 accessuros,

208 2203 273 2242 ubi
310 2208 503 2251 negantque
533 2202 631 2242 iusto
667 2202 926 2250 neglegentius
961 2202 1103 2241 dictum
1134 2206 1246 2251 putes
1277 2214 1347 2252 pro
1378 2210 1413 2243 et
1436 2208 1518 2244 illos

206 2272 266 2315 qm·
289 2273 428 2315 neqcmt.
475 2266 547 2306 Sed
575 2266 771 2306 rarissima
796 2270 885 2306 sunt
904 2267 1017 2307 h'uius
1036 2267 1186 2316 generis
1203 2269 1378 2318 exemplu
1395 2280 1517 2319 neque

205 2345 307 2372 ao-ac
336 2331 422 2380 plus
453 2331 569 2371 semel
600 2342 660 2369 me
693 2331 829 2380 legisse
862 2331 1013 2371 memini
1021 2345 1031 2380 3
1071 2335 1132 2371 est
1155 2332 1211 2371 ita
1236 2344 1272 2372 n.
1297 2343 1335 2381 q.
1362 2334 1382 2372 I
1407 2335 1441 2383 5,
1470 2334 1516 2372 12

207 2401 299 2437 duro
323 2401 464 2445 corpori
490 2411 531 2437 ac
556 2401 676 2436 stabili
699 2410 742 2436 ac
765 2402 929 2436 manenti.

332 2461 528 2502 Diversum
564 2463 692 2501 autem
715 2447 951 2501 divensi-”um
976 2462 1112 2502 harum
1138 2463 1412 2512 particularum
1440 2464 1515 2501 vim

201 2529 377 2577 'tempore
408 2526 671 2577 progrediente
702 2527 824 2577 magis
850 2537 896 2569 ac
921 2528 1047 2578 magis
1072 2529 1270 2570 evanuisse
1295 2539 1340 2568 ea
1366 2539 1426 2568 res
1452 2527 1513 2566 vel
