1735 2760
802 129 818 165 ’.
847 129 896 169 57

217 250 356 287 decutit.
411 246 463 287 At
486 250 530 287 ut
554 242 652 297 ¹quim
678 249 725 290 de
750 249 820 290 hoc
845 261 983 299 genere
1007 248 1164 288 dicenda
1189 247 1279 287 sunt
1304 246 1433 285 statim
1460 246 1526 286 ab·

216 312 378 361 solvam,
404 314 628 362 particulam
658 329 701 354 ac
721 315 838 355 habes
856 316 891 355 d.
912 315 947 354 b.
965 314 1036 353 VII
1054 316 1089 362 9,
1110 314 1134 352 5
1157 317 1229 351 nisi
1253 317 1335 351 bina
1356 326 1399 351 ac
1424 318 1527 350 terna

215 382 433 426 patrimum
456 384 603 419 auribus
625 384 776 430 singulis
802 369 1062 428 pependissent.
1119 379 1244 427 Atque
1269 376 1528 417 disiunctionis

216 444 431 494 exemplum
457 446 682 494 conspicitur
708 436 747 485 η’.
770 457 805 494 q.
833 446 889 485 III
917 447 977 494 28,
1006 447 1030 485 3
1054 448 1181 485 deinde
1203 448 1265 483 ubi
1292 448 1374 483 litus
1395 447 1448 482 bis
1473 446 1528 481 vel

218 516 273 549 ter
309 514 488 558 prolatum
526 517 575 550 est
614 517 647 550 et
670 500 819 560 pelayus
851 516 891 550 in
921 515 1035 550 alieno
1066 514 1245 550 constitit.
1262 538 1271 547 .
1290 540 1320 548 ..
1342 512 1526 556 procurrit

217 580 344 622 aestus,
369 575 435 614 ubi
460 586 544 615 cum
568 575 760 616 rhetorica
784 577 988 617 inundatae
1021 579 1147 615 terrae
1173 575 1423 624 descriptione
1449 583 1525 612 me-

215 639 304 687 lius,
329 651 376 679 ne
402 640 522 680 dicam
550 642 657 680 unice
683 643 897 691 congruerit
909 643 1036 691 imago
1062 652 1177 689 saepe
1203 640 1366 689 promoti
1391 638 1524 678 litoris.

218 704 389 753 Denique
433 704 686 745 dissolutionis
731 709 770 745 et
809 707 903 746 satis
944 707 1096 756 quidem
1143 706 1261 745 durae
1308 704 1524 752 exemplum

217 768 393 809 Gertzius
406 770 535 810 intulit
547 771 738 820 primaeN
753 772 888 812 codicis
901 772 1029 811 manui
1043 771 1242 811 obsecutus
1264 771 1300 810 d.
1326 770 1362 808 b.
1386 769 1441 808 IV
1465 769 1523 816 15,

216 836 240 874 3
265 839 344 883 nolo
375 837 545 883 (causam
569 837 651 876 eius
688 837 832 886 agere),
864 841 927 877 sed
951 841 1038 885 quid
1060 840 1216 883 faciam?
1241 841 1314 875 iam
1342 838 1397 874 illi
1421 837 1525 873 semel

213 904 341 940 iterum
365 904 478 947 adfui.
509 901 620 951 volgo
644 906 837 950 iterumque
866 902 1017 950 legitur.

335 975 409 1015 Sed
434 979 479 1015 ut
502 976 575 1016 hac
599 988 841 1017 numerorum
866 978 1013 1017 ratione
1029 977 1197 1016 indicata
1221 976 1270 1015 ad
1287 976 1523 1025 propositum

209 1044 464 1095 'rever-tamur,
489 1043 585 1082 duos
610 1042 712 1082 locos
738 1043 925 1092 adponam
950 1043 1015 1092 qui
1038 1043 1197 1082 doceant
1221 1042 1383 1081 liberum
1409 1052 1523 1089 saepe

214 1107 389 1156 scriptori
414 1107 614 1146 arbitrium
643 1118 725 1147 esse
759 1111 888 1146 utrum
920 1108 1144 1147 disiunctiva
1174 1106 1363 1156 particula
1390 1117 1439 1144 an
1463 1116 1521 1144 co-

215 1172 387 1222 pulativa
413 1175 562 1212 utatur:
596 1173 665 1221 (sic
698 1172 769 1212 hoc
793 1172 1031 1221 tempestatis
1065 1174 1215 1221 signum
1246 1171 1319 1220 est)
1355 1174 1521 1219 quomodo

214 1241 469 1285 aequinoctium
495 1242 534 1277 in
558 1241 709 1277 calorem
731 1241 925 1287 friyusque
938 1241 1105 1283 flectentis
1129 1241 1227 1283 anni,
1253 1239 1420 1285 quomodo
1446 1239 1522 1281 illa,

214 1317 304 1351 quae
340 1306 509 1342 Chaldaei
546 1309 686 1350 canunt,
725 1308 817 1351 quid*
834 1307 936 1342 stella
971 1307 1191 1342 nascentibus
1221 1307 1320 1341 triste
1344 1306 1523 1341 laetumve

213 1372 399 1421 constituat
423 1379 461 1407 n.
488 1379 524 1416 q.
554 1367 629 1407 VII
657 1369 715 1415 28,
744 1369 787 1414 2.v
812 1382 884 1407 non
906 1372 984 1407 ideo
1009 1372 1193 1416 quicquam
1214 1372 1308 1406 inter
1331 1370 1413 1406 illos
1435 1379 1523 1414 pue-

212 1447 339 1482 rosque
363 1437 529 1473 interesse
541 1439 621 1482 quis
633 1438 772 1482 dixerit,
799 1437 892 1482 quod
907 1437 981 1472 illis
994 1437 1146 1472 talorum
1169 1447 1348 1472 nucumve
1373 1439 1405 1472 et
1432 1436 1526 1471 aeris

212 1503 337 1538 mnata·
369 1504 523 1538 avaritia
548 1505 608 1547 est,
636 1504 692 1538 his
716 1505 798 1538 auri
822 1505 1040 1547 arqthue
1064 1505 1097 1538 et
1121 1503 1262 1537 urbium
1287 1498 1336 1537 di.
1355 1499 1393 1536 ΙΙ
1412 1500 1471 1546 12,
1490 1500 1525 1537 2.

214 1563 357 1603 Eodem
388 1564 471 1604 iure
501 1564 690 1614 particula
721 1564 946 1603 disiunctiva
973 1574 1047 1612 quo
1088 1563 1305 1612 copulativa
1336 1564 1394 1602 uti
1418 1563 1527 1603 licuit

212 1629 272 1670 his
296 1629 402 1669 locis:
525 1625 529 1629 ’

296 1709 374 1742 dum
392 1719 484 1743 nemo
504 1710 620 1743 suadet
640 1710 841 1752 dissuadetq.
872 1711 904 1743 d.
932 1711 965 1743 b.
989 1711 1035 1743 VI
1063 1712 1114 1752 30,
1138 1712 1169 1743 5.
1212 1711 1296 1744 illud
1318 1710 1433 1743 suadet
1458 1710 1525 1743 die-

294 1766 442 1809 suadetq.
470 1778 501 1800 n.
526 1777 557 1808 q.
580 1767 611 1799 11
633 1767 688 1808 39,
711 1768 742 1800 3.
786 1768 845 1809 qui
878 1768 999 1801 servati
1021 1768 1168 1810 punitiq.
1191 1772 1286 1801 erunt
1308 1768 1339 1800 d.
1363 1768 1405 1800 cl.
1435 1768 1451 1799 I
1472 1768 1524 1807 21,

299 1825 329 1857 4.
374 1824 529 1867 quiequid
542 1825 691 1858 timemus
704 1828 884 1868 optamusq.
910 1836 960 1868 ep.
977 1827 1030 1864 41,
1046 1827 1080 1858 5.
1133 1825 1310 1868 disciplina
1327 1828 1444 1871 metuq.
1471 1835 1524 1867 ep.

301 1883 353 1924 9⁷,
369 1884 398 1915 8.
464 1886 642 1916 currentem
665 1884 869 1925 luctantemq.
892 1894 942 1925 ep.
968 1885 1039 1923 117,
1063 1885 1113 1917 26.
1179 1894 1263 1925 quae
1291 1884 1387 1917 nobis
1409 1886 1524 1917 nocent

292 1943 467 1982 prosuntq.
491 1940 536 1980 di,
560 1940 606 1973 IV
627 1941 678 1980 27,
695 1941 725 1973 2.
768 1941 807 1974 de
828 1951 912 1984 pace
933 1942 1041 1983 belloq.
1063 1945 1169 1975 censet
1191 1941 1235 1974 di.
1260 1941 1306 1973 IX
1329 1942 1360 1983 3,
1384 1943 1413 1974 3.
1456 1942 1523 1974 sin-

298 1998 377 2040 yula
404 2001 544 2040 propter
566 2008 649 2040 quae
675 1999 755 2032 laeti
782 2009 820 2032 ac
850 2000 962 2032 tristes
991 2009 1101 2032 sumus
1129 1999 1175 2032 di.
1203 1999 1249 2031 IX
1278 2000 1328 2041 15,
1357 2001 1386 2032 4.
1440 2010 1525 2042 quae

298 2065 321 2088 a
339 2055 434 2088 nobie
455 2054 680 2096 indifferentia
701 2065 741 2089 ac
762 2056 870 2089 media
887 2056 1046 2089 dicuntur
1070 2066 1120 2098 ep.
1142 2058 1194 2098 82,
1219 2057 1268 2089 14.
1292 2059 1328 2089 et
1350 2058 1425 2098 117,
1447 2058 1478 2090 9.

331 2142 457 2181 Unum
483 2146 605 2182 restat
636 2145 895 2192 exemplorum
925 2156 1045 2193 genus
1077 2155 1151 2182 non
1183 2145 1240 2183 ita
1270 2145 1405 2184 leviter
1439 2157 1525 2193 per-

211 2207 482 2256 stringendum,
510 2218 596 2246 cum
628 2208 750 2247 rarior
783 2219 830 2248 ea
868 2219 951 2248 esse
984 2208 1157 2247 videatur
1193 2208 1395 2257 copulandi
1427 2210 1525 2249 ratio

210 2272 468 2312 disiunctionis
496 2272 577 2311 loco
612 2272 792 2311 adhibita.
843 2272 942 2311 Nam
974 2274 1006 2312 si
1037 2285 1119 2313 rem
1154 2274 1400 2322 proponimus
1425 2286 1525 2324 quae

209 2340 323 2388 prout
346 2336 514 2378 condicio
539 2348 667 2377 rerum
692 2336 791 2377 ferat
816 2341 883 2378 aut
896 2338 967 2378 hoc
992 2343 1062 2378 aut
1086 2338 1152 2379 illo
1178 2339 1289 2379 modo
1315 2340 1524 2380 constituta

209 2404 272 2452 sit,
283 2404 369 2453 quis
381 2414 456 2442 non
472 2403 569 2444 hanc
588 2401 851 2443 diversitatem
868 2403 1057 2453 particula
1073 2404 1300 2445 disiunctiva
1318 2405 1520 2445 indicabit?

158 2512 160 2515 f
192 2468 387 2523 *Legimus
410 2469 448 2508 d.
474 2470 519 2508 cl.
545 2468 563 2507 I
589 2469 622 2518 1,
648 2469 672 2507 9
698 2474 815 2509 cetera
839 2473 932 2509 enim
956 2473 1048 2509 bona
1075 2484 1145 2519 pro
1164 2474 1331 2518 portione
1357 2475 1522 2518 fortunae

206 2547 291 2575 suae
307 2538 455 2584 quisque
477 2538 582 2575 sentit
606 2540 669 2574 aut
694 2540 868 2583 exspectat
892 2539 1031 2575 maiora
1054 2541 1273 2586 minoraque,
1308 2552 1352 2577 ea:
1376 2540 1519 2578 clemene
