1735 2760
841 83 889 121 38

261 203 295 247 3,
325 203 358 240 4.
383 205 487 247 finem
513 207 570 241 sui
596 216 773 250 suorumq.
800 213 858 251 ep.
886 202 945 248 71,
976 203 1033 240 14.
1059 205 1207 240 salutem
1233 215 1332 240 suam
1353 216 1526 251 suorumq.

258 278 315 315 ep.
346 268 428 314 118,
458 269 493 306 4.
839 258 841 260 ¹

327 346 365 371 se
389 346 430 372 ac
456 337 514 372 sui
540 333 575 372 d.
604 333 638 371 b.
667 333 717 371 VI
746 334 805 379 30,
834 334 866 371 6.
895 332 944 371 di.
969 332 1023 370 XI
1048 333 1079 379 1,
1108 333 1142 370 3.
1170 332 1219 370 di.
1248 332 1321 370 XII
1345 334 1379 379 5,
1398 334 1432 372 2.
1459 338 1528 372 sibi

258 412 298 436 ac
336 403 411 436 suis
446 409 503 446 ep.
530 400 590 445 42,
618 400 652 437 2.
680 410 738 447 ep.
766 399 825 447 87,
855 399 913 436 17.
956 412 1016 436 vos
1054 411 1097 436 ac
1129 403 1253 435 vestra*
1282 397 1330 436 di.
1369 397 1438 436 VII
1465 400 1526 437 28.

257 476 320 501 suo
346 477 389 501 ac
411 476 556 501 suorum
581 467 672 501 malo
699 474 734 501 n.
762 473 797 510 q.
825 463 858 500 V
888 463 946 509 18,
976 463 1033 500 11.
1074 476 1110 500 se
1134 476 1176 501 ac
1194 476 1297 500 suum
1314 468 1527 502 commodum

284 528 319 567 (1.
345 528 383 567 b.
410 527 462 566 IV
490 529 525 575 3,
558 529 593 567 2.
764 526 770 533 “

326 596 399 641 Que
424 592 542 631 habes
570 593 628 630 his
657 593 764 630 locis:
788 606 891 639 seque
917 592 952 630 d.
979 593 1013 630 b.
1031 593 1082 630 VI
1108 594 1165 639 13,
1191 594 1223 631 1.
1251 593 1300 631 di.
1321 592 1376 630 IX
1405 594 1464 640 11,
1493 594 1526 631 1.

211 664 310 706 teque
336 668 393 706 ep.
422 658 484 705 92,
517 658 553 699 1.
589 669 646 706 ep.
683 657 742 703 95,
769 659 803 704 3,
831 657 880 697 di.
909 657 963 696 VI
992 657 1051 705 17,
1080 658 1111 696 1.
1147 668 1183 696 11.
1211 667 1245 705 q.
1274 657 1292 696 I
1317 658 1351 704 6,
1380 658 1413 697 3.
1478 657 1530 696 Et

212 725 397 772 quattuor
424 723 576 770 quidem
613 723 704 761 locis
735 734 941 770 pronomen
976 723 1187 771 pronomini
1222 725 1435 771 oppositum
1470 726 1528 761 est

203 803 258 828 me
297 795 396 836 teque
433 800 491 841 ep.
520 789 580 835 92,
617 789 649 828 1.
676 800 711 827 n.
738 799 772 837 q.
801 789 819 827 I
846 790 881 838 6,
908 790 943 827 3.
977 803 1031 828 me
1056 802 1158 836 seque
1183 789 1217 827 d.
1243 788 1278 827 b.
1316 789 1367 827 VI
1404 790 1463 837 13,
1492 791 1524 828 1.

208 859 299 893 alios
325 860 422 902 teque
447 854 496 892 di.
524 854 577 893 VI
606 855 663 898 17,
694 855 727 892 1.
755 868 790 893 se
816 858 972 902 aliosque
990 854 1036 892 di.
1063 853 1116 892 IX
1137 855 1195 902 12,
1218 855 1253 893 4.
1281 854 1328 892 (11.
1347 853 1384 891 X
1405 855 1462 900 14,
1491 856 1527 894 3.

328 919 565 958 Adiectivum
593 933 695 957 suum
729 930 814 957 cum
841 933 906 966 que
932 918 1181 967 compositum
1209 919 1304 967 legis
1330 922 1530 968 praeterea

207 995 263 1033 ep.
292 985 353 1029 20,
382 985 439 1023 10.
472 985 507 1022 d.
534 984 580 1023 cl.
607 984 626 1022 I
655 985 690 1031 1,
710 985 740 1022 1.
768 983 802 1022 d.
832 984 876 1022 cl.
904 983 923 1022 I
951 985 1009 1031 14,
1037 985 1070 1023 2.
1098 985 1133 1024 d.
1161 984 1242 1023 cl.I
1267 986 1325 1031 26,
1352 986 1386 1023 4.
1439 996 1525 1024 cum

205 1064 248 1089 ac
264 1061 322 1099 ep.
338 1050 397 1096 21,
418 1051 451 1088 2.
471 1060 527 1098 ep.
546 1050 606 1096 90,
627 1050 686 1088 28.
706 1049 753 1088 (11.
768 1049 823 1088 XI
839 1050 874 1096 9,
895 1050 929 1088 5.
948 1049 983 1087 (1.
998 1049 1032 1089 b.
1049 1049 1122 1088 VII
1139 1051 1174 1098 6,
1189 1051 1224 1088 3.
1244 1050 1280 1088 (1.
1296 1049 1329 1088 b.
1348 1050 1423 1089 VH
1442 1050 1475 1097 7,
1492 1052 1528 1089 3.

326 1115 485 1154 Omnem
510 1119 638 1154 autem
670 1115 837 1154 locorum
865 1117 1052 1155 summam
1084 1116 1115 1154 si
1142 1115 1432 1164 computaveris,
1459 1127 1527 1154 nu-

208 1192 356 1219 merum
383 1181 641 1230 exemplorum
661 1181 697 1218 in
723 1181 858 1228 quibus
885 1195 926 1220 ac
946 1184 1035 1219 ante
1050 1195 1069 1220 s
1086 1182 1225 1230 legitur
1239 1180 1389 1220 circiter
1405 1181 1526 1220 altero

208 1250 316 1286 tanto
357 1246 537 1285 maiorem
573 1257 655 1286 esse
695 1246 850 1286 videbis.
913 1246 1050 1294 Itaque
1087 1247 1202 1295 quod
1224 1247 1368 1295 opinati
1395 1255 1527 1286 sumus

209 1312 360 1350 litterae
386 1326 404 1350 s
430 1311 557 1350 favere
584 1325 635 1358 ac,
663 1311 721 1350 his
750 1322 900 1359 quoque
925 1312 1109 1359 exemplis
1135 1311 1276 1349 firmari
1303 1312 1462 1350 videtur.

329 1378 379 1415 At
420 1377 684 1425 pronominum
721 1381 797 1424 ipse
836 1379 942 1425 etis,
981 1387 1080 1426 quae
1107 1387 1192 1415 cum
1228 1391 1293 1425 que
1317 1376 1522 1415 identidem

211 1442 410 1481 coniuncta
434 1442 624 1490 leguntur,
651 1442 826 1490 exempla
844 1441 993 1480 adferre
1006 1438 1245 1490 supersedeo.
1299 1443 1424 1490 Unum
1442 1446 1528 1481 tan-

211 1514 294 1546 tum
325 1508 542 1558 exemplum
570 1508 671 1555 quod
697 1507 783 1545 huic
812 1518 969 1546 numero
1004 1508 1216 1554 adiecerim,
1258 1508 1452 1555 indicetur,
1480 1508 1530 1547 di.

205 1573 241 1611 II
268 1574 303 1621 6,
332 1574 366 1621 3,
395 1572 460 1612 ubi
486 1573 624 1612 codicis
649 1572 797 1611 Mediol.
827 1574 1016 1621 scriptura
1041 1573 1135 1612 haee
1166 1575 1225 1612 est
1258 1588 1320 1613 nec
1346 1578 1528 1622 quicquam

207 1652 310 1677 suum
339 1643 410 1677 nisi
434 1652 471 1676 se
490 1644 591 1685 putet
614 1652 687 1676 esse
699 1652 833 1685 quoque
857 1653 898 1677 ea
921 1645 1028 1685 parte
1056 1653 1126 1686 qua
1142 1643 1265 1677 melior
1291 1645 1352 1677 est.
1413 1639 1529 1679 Recte

208 1702 359 1752 quidem
400 1703 592 1741 recusavit
626 1702 792 1742 Haasius
822 1702 987 1741 Fickerti
1022 1703 1271 1742 mutationem
1307 1717 1423 1751 eaque,
1462 1704 1528 1754 sed

208 1769 309 1816 quod
339 1770 419 1816 ipse
446 1768 601 1806 coniecit
626 1772 666 1806 id
690 1782 834 1816 quoque,
861 1769 985 1817 placet
1007 1770 1189 1808 insertum
1204 1773 1255 1816 id,
1272 1769 1441 1817 displicet
1467 1770 1530 1808 de-

208 1832 356 1870 fensum
383 1846 527 1880 quoque.
586 1832 670 1879 Qua
695 1834 743 1872 de
765 1844 878 1872 causa
897 1845 943 1872 ne
958 1833 1147 1882 Madvigio
1169 1835 1321 1881 quidem
1342 1835 1530 1873 adsentior

152 1900 156 1909 ⁴
202 1911 239 1936 se
264 1905 398 1945 quoque·
424 1897 614 1936 scribenti.
669 1898 902 1937 Aecuratiori
929 1899 1027 1937 enim
1054 1899 1234 1946 priorum
1239 1898 1439 1938 verborum
1467 1899 1530 1938 de-

205 1962 364 2001 finitioni
393 1965 526 2011 aptum
555 1963 679 2002 solum
705 1962 856 2001 videtur
882 1974 964 2002 esse
990 1967 1106 2011 idque.

328 2027 367 2066 Si
396 2028 449 2065 eis
476 2038 573 2075 quae
600 2028 646 2065 de
674 2038 837 2078 persona
862 2028 920 2066 vel
947 2039 988 2065 re
1016 2029 1193 2076 diximus,
1221 2039 1360 2067 novum
1388 2004 1531 2076 aliquid

208 2093 311 2141 quod
336 2093 372 2131 in
399 2093 558 2132 eandem
586 2104 787 2142 personam
814 2093 876 2133 vel
904 2105 984 2133 rem
1000 2092 1114 2133 eadat
1140 2093 1332 2142 adicimus,
1359 2096 1531 2143 repetere

211 2157 316 2195 illam
345 2159 509 2197 solemus
535 2171 602 2207 per
628 2169 832 2208 pronomen
860 2163 963 2198 idem.
1004 2154 1120 2198 Cuius
1146 2160 1292 2208 generis
1318 2163 1407 2198 sunt
1434 2161 1470 2199 d.
1494 2159 1530 2199 b.

210 2222 268 2261 III
304 2224 352 2262 24
378 2229 564 2272 imperavit
599 2229 729 2264 medico
754 2229 928 2273 eidemque
953 2239 1052 2264 servo
1076 2238 1150 2264 suo.
1186 2235 1222 2264 n.
1259 2235 1295 2273 q.
1323 2225 1375 2264 VI
1405 2225 1463 2273 14,
1491 2226 1528 2265 4.

211 2303 274 2328 aer
300 2294 524 2329 tenuissimus
550 2294 707 2338 idemque
733 2294 958 2337 fortissimus.
1012 2289 1096 2329 Non
1123 2294 1251 2329 autem
1277 2302 1393 2329 unum
1420 2302 1529 2329 voca-

209 2354 353 2402 bulum,
382 2354 447 2393 sed
479 2358 601 2394 totum
635 2356 873 2395 enuntiatum
909 2356 1097 2395 adiectum
1130 2359 1189 2396 est
1221 2367 1256 2394 n.
1295 2367 1330 2403 q.
1358 2356 1389 2395 V
1419 2356 1476 2403 18,
1504 2358 1527 2394 2

203 2419 267 2457 ubi
285 2419 332 2457 de
346 2420 470 2457 ventis
480 2420 624 2459 dictum
639 2423 707 2469 est,
721 2426 760 2458 ut
772 2425 900 2459 imbres
914 2425 1020 2460 terris
1033 2425 1341 2460 subministrarent
1352 2425 1524 2471 iidemque
