1735 2760
852 144 901 183 48

294 263 339 295 di.
363 262 410 294 XI
436 263 485 304 14,
508 263 537 295 5.
583 272 622 295 ac
643 265 744 304 prout
767 262 798 294 d.
815 263 846 294 b.
870 261 916 294 IV
938 263 990 302 32,
1013 263 1043 293 4.
1095 271 1134 295 ac
1151 262 1270 304 procul
1290 262 1322 295 d.
1348 262 1450 297 b.‘V1
1473 265 1524 301 30,

293 321 324 351 1.
411 329 451 351 ac
472 319 579 351 subito
601 329 652 359 ep.
676 320 726 359 79,
752 320 801 350 18.
845 328 883 350 ac
906 328 1001 359 saepe
1022 319 1067 351 di.
1090 320 1152 351 XII
1176 321 1231 366 15,
1252 322 1283 352 4.
1300 332 1338 352 n.
1361 331 1392 361 q.
1412 321 1456 353 IV
1475 322 1525 361 13,

292 377 322 409 8.
379 387 419 409 ac
439 377 487 410 sic
514 388 545 409 n.
569 387 600 417 q.
632 376 677 407 111
706 377 758 417 27,
793 378 840 408 10.
862 376 1036 419 (nusquam
1065 376 1155 418 apud
1182 376 1342 409 Senecam
1364 377 1525 410 vocabulo

295 437 329 468 in
353 446 370 470 c
393 436 542 468 litteram
554 435 718 467 desinenti
734 434 880 466 adfixum
896 438 948 466 est
964 436 1044 475 que).
1067 444 1108 467 ac
1118 435 1254 468 subinde
1269 446 1319 477 ep.
1335 435 1385 477 13,
1398 437 1447 469 13.
1471 446 1523 477 ep.

297 495 348 535 53,
371 496 400 526 2.
424 504 477 535 ep.
502 494 573 533 105,
596 494 626 525 7.
652 504 684 524 n.
703 503 734 534 q.
762 492 791 523 II
818 493 869 532 59,
892 493 924 524 2.
990 502 1028 524 ac
1055 492 1171 525 deinde
1193 503 1243 534 ep.
1268 494 1321 534 45,
1344 494 1373 526 5.
1396 504 1447 535 ep.
1472 494 1524 531 73,

293 554 341 584 16.
369 552 413 583 di.
436 551 466 583 X
492 553 540 592 15,
563 553 592 583 4.
637 561 677 583 ac
699 550 842 583 nondum
866 561 916 592 ep.
942 551 995 590 20,
1014 552 1044 582 3.
1088 560 1127 583 ac
1149 561 1224 583 mox
1239 561 1289 592 ep.
1313 553 1364 590 36,
1390 552 1439 584 10.
1483 561 1523 584 ac

292 610 387 641 modo
419 619 470 650 ep.
495 610 546 649 72,
569 610 598 640 9.
644 618 682 639 ιω
710 617 826 640 rursus
848 619 879 639 n.
902 618 931 648 q.
955 607 1000 639 VI
1024 609 1074 649 13,
1097 609 1125 639 6.
1176 618 1215 640 ac
1238 608 1365 641 diutius
1386 620 1419 642 n.
1440 620 1471 650 q.
1494 608 1524 641 V

293 669 341 706 13,
366 669 395 700 3.
451 677 489 699 ac
518 666 618 699 veluti
646 666 691 698 di.
713 664 791 698 VIII
821 667 850 707 5,
878 667 907 698 5.
935 665 966 697 d.
991 666 1021 697 b.
1046 665 1090 698 VI
1114 666 1144 707 5,
1168 667 1198 699 4.
1256 676 1296 699 ac
1324 667 1410 699 velut
1435 678 1466 699 n.
1490 677 1520 707 q.

294 726 308 757 1
331 736 383 766 pr.
408 726 455 756 12.

333 782 508 821 Addendi
555 792 667 830 porro
705 783 795 820 sunt
832 784 910 820 tres
951 781 1021 820 loci
1060 782 1123 819 ubi
1163 785 1288 821 exstat
1324 788 1428 830 atque
1456 788 1520 828 ita,

204 849 304 897 quod
343 859 386 886 eo
425 847 575 896 quidem
621 858 733 886 sensu
760 847 901 885 dictum
927 849 1003 894 est,
1042 850 1086 885 ut
1110 847 1262 887 lectoris
1289 848 1456 887 animum
1483 848 1522 887 in

204 913 402 963 sequentia
428 912 613 951 intentum
641 911 766 959 faciat,
795 912 871 950 lud.
892 913 948 962 11,
975 914 998 950 5
1025 918 1128 960 atque
1152 918 1204 952 ita
1229 927 1273 952 ea:
1290 917 1419 952 tabella
1430 918 1521 952 reci-

205 985 302 1018 tavit.
360 979 409 1016 At
435 979 470 1017 d.
496 979 532 1017 b.
561 979 618 1016 III
644 980 702 1024 23,
731 980 754 1017 5
783 984 885 1026 atque
910 983 963 1018 ita
989 992 1026 1017 se
1051 983 1190 1018 traiecit
1215 982 1254 1018 et
1280 979 1327 1018 di.
1347 979 1401 1019 VI
1419 980 1479 1029 22,
1496 980 1520 1017 6

204 1050 308 1091 atque
342 1049 394 1082 ita
430 1048 534 1082 iussit
561 1047 676 1082 lumen
701 1057 798 1082 omne
821 1047 1018 1090 praecludi,
1044 1045 1108 1082 ubi
1136 1056 1158 1082 a
1185 1045 1308 1083 verbis
1335 1056 1519 1092 personae

203 1109 399 1147 cuiusdam
439 1110 563 1147 oratio
602 1109 651 1147 ad
689 1108 833 1147 facturn
859 1109 1099 1148 indicandum
1127 1110 1378 1160 progreditur,
1419 1110 1516 1149 idem

202 1175 306 1214 valet
329 1175 430 1222 quod
455 1178 510 1212 his
532 1178 647 1213 verbis
673 1178 786 1213 dietis.

327 1240 411 1277 Non
450 1251 539 1277 vero
577 1240 663 1277 huic
703 1250 860 1278 numero
880 1240 1138 1287 inserendum
1182 1244 1240 1279 est
1274 1246 1376 1288 atque
1402 1244 1518 1286 etiam,

199 1306 299 1354 quod
326 1305 424 1343 male
450 1304 488 1342 in
515 1307 663 1343 textum
695 1305 837 1353 recepit
864 1304 1027 1344 Haasius
1051 1316 1107 1352 ep.
1141 1306 1200 1352 68,
1228 1307 1252 1343 3
1279 1309 1386 1343 ratus
1412 1309 1516 1344 certe

201 1371 255 1409 ita
293 1370 369 1419 legi
400 1369 438 1407 in
480 1369 604 1408 codice
646 1381 681 1418 p.
737 1370 776 1409 Is
802 1380 891 1407 vero
930 1370 984 1408 ita
1020 1370 1141 1407 locum
1169 1370 1322 1408 exhibet
1344 1384 1437 1408 nunc
1466 1373 1514 1408 ad

198 1440 290 1474 illud
315 1440 481 1481 revertor,
505 1440 597 1482 quod
622 1439 774 1474 suadere
800 1439 861 1474 tibi
887 1448 1077 1483 coeperam,
1105 1443 1144 1475 ut
1170 1442 1277 1475 otium
1303 1442 1400 1474 tuum
1415 1441 1512 1484 iquo-

199 1506 272 1539 tum
297 1505 355 1538 sit.
404 1503 488 1538 Non
511 1506 561 1538 est
586 1505 679 1547 quod
703 1505 876 1540 inscribas
903 1506 965 1540 tibi
982 1505 1239 1548 philosophiam
1253 1508 1315 1540 aut
1332 1506 1514 1549 quietim

199 1570 301 1604 aliud
324 1569 506 1613 proposito
539 1570 597 1603 tuo
632 1578 756 1603 nomen
785 1570 934 1611 impone.
988 1563 1060 1603 Sed
1095 1565 1208 1604 verba
1235 1571 1296 1604 aut
1322 1570 1381 1613 qui
1409 1570 1513 1604 etiam

199 1630 308 1668 nihili
354 1640 436 1668 esse
478 1629 611 1671 elucet.
689 1632 806 1677 Atque
842 1635 946 1669 etiam
987 1633 1030 1668 ut
1066 1630 1321 1678 improbemus
1359 1633 1513 1679 praeter

198 1695 360 1733 codicem
383 1694 527 1734 faciunt
546 1696 660 1735 verba
687 1700 788 1735 aliud
808 1700 991 1743 proposito
1018 1702 1076 1735 tuo
1101 1710 1225 1734 nomen
1250 1700 1395 1745 impone,
1421 1706 1513 1744 quo-

198 1770 282 1798 rum
314 1760 371 1799 vis
410 1760 497 1798 talis
540 1771 612 1797 non
652 1771 735 1799 esse
763 1761 911 1799 videtur
954 1771 1051 1808 quae
1088 1766 1177 1808 apte
1203 1761 1402 1800 conveniat
1428 1772 1510 1799 cum

196 1824 362 1872 pondere
397 1825 582 1863 formulae
616 1832 719 1873 atque
753 1831 866 1864 etiam.
921 1822 1209 1875 Neglegendum
1239 1836 1286 1864 ne
1312 1825 1403 1864 illud
1431 1825 1511 1873 qui-

196 1890 278 1929 dem
312 1893 372 1930 est
407 1890 510 1928 nullo
542 1891 618 1929 alio
644 1892 725 1930 loco
752 1891 853 1940 apud
879 1890 1059 1930 Senecam
1087 1891 1241 1930 inveniri
1269 1897 1373 1938 atque
1397 1894 1513 1929 etiam.

198 1957 250 1994 At
276 1956 511 1996 verissimum
549 1960 641 2006 puto
667 1967 750 1997 esse
777 1957 876 2006 quod
904 1957 980 1996 iam
1008 1957 1045 1995 in
1073 1956 1258 2007 prioribus
1284 1955 1512 1995 editionibus

196 2021 338 2069 legitur
369 2027 472 2068 atque
497 2027 615 2060 otiwm.
668 2023 820 2071 Repetit
846 2024 946 2061 enim
973 2023 1043 2061 hoc
1068 2024 1149 2062 loco
1174 2029 1309 2062 auctor
1334 2031 1511 2071 praecep-

196 2090 278 2126 tum
315 2086 410 2126 illud
445 2087 545 2136 quod
583 2086 657 2126 iam
697 2087 827 2137 primis
868 2087 1055 2136 epistulae
1091 2087 1215 2126 verbis
1254 2087 1360 2126 dedit
1393 2090 1515 2124 sed-et

196 2157 311 2199 ipsum
337 2157 445 2190 otiwm
470 2157 657 2198 absconde,
689 2154 746 2192 fas
773 2165 864 2203 ergo
891 2165 963 2192 non
991 2157 1074 2193 erat
1100 2153 1159 2193 hic
1184 2152 1307 2193 omitti
1333 2150 1512 2202 gravissi-

197 2228 301 2255 mum
327 2217 495 2256 verbum.
548 2218 669 2257 Immo
703 2222 846 2266 quanta
873 2219 910 2256 vi
941 2219 1186 2267 premendum
1212 2217 1327 2256 fuerit
1353 2216 1512 2265 adparet

194 2282 280 2321 inde
317 2282 418 2330 quod
449 2283 586 2321 iterum
619 2284 833 2332 iterumque
864 2285 1022 2324 eandem
1050 2282 1344 2323 admonitionem
1366 2280 1511 2320 Lucilio

194 2348 374 2395 inculcat,
411 2348 466 2387 ita
499 2352 542 2388 ut
567 2350 698 2397 paucis
726 2350 961 2400 interpositis
987 2350 1111 2389 verbis
1136 2349 1259 2388 denuo
1287 2346 1508 2387 exhortetur

190 2417 344 2461 yloriari
368 2418 436 2452 otio
467 2418 564 2453 iners
595 2418 733 2453 ambitio
767 2421 818 2454 est
849 2423 887 2455 et
913 2416 934 2465 ὃ
963 2417 986 2453 5
1020 2419 1187 2463 optimum
1219 2419 1337 2461 itaque
1362 2418 1413 2452 est
1436 2427 1508 2451 non

192 2483 327 2517 iactare
353 2483 460 2517 otiwm
485 2493 597 2518 suum.
1527 2530 1529 2533 ¹

318 2544 401 2583 Iam
427 2545 664 2585 excutiamus
690 2557 799 2585 usum
828 2546 988 2585 duorum
1008 2548 1207 2587 verborum
1234 2557 1333 2595 quae
1357 2554 1506 2592 compo-
