1735 2760
839 110 883 148 11

205 230 250 269 et·
268 225 412 269 similes·
434 228 744 277 describentibus,
770 230 900 280 paucis
917 230 1068 270 tantum
1085 228 1267 278 exemplis
1284 228 1348 269 illo
1362 239 1518 269 munere

205 293 386 341 fungitur.
418 295 493 346 'Ac
516 294 880 343 primumxinfinitivi
905 295 1030 340 activi,
1060 305 1147 333 cum
1167 305 1237 342 per
1263 307 1329 341 que
1343 294 1516 343 componi

206 361 407 408 nequeant,
433 358 712 409 coniunguntur
736 371 806 409 per
830 374 873 400 ae
898 359 959 400 his
983 358 1092 400 Iocis:

287 433 475 467 deseenden
495 443 536 467 ac
556 444 686 476 mergere
706 444 759 476 ep.
781 435 833 475 36,
857 435 907 467 11.
950 434 1092 467 maere
1108 443 1149 466 ac
1170 432 1359 466 dissuadere
1379 443 1430 473 ep.
1459 433 1514 473 95,

289 492 339 524 10.
366 491 511 526 recedere
536 502 576 526 ac
598 502 765 537 resumere
785 492 847 536 (sie
868 491 1023 535 Haecine)
1044 502 1077 524 ιι.
1090 501 1122 533 q.
1141 489 1187 524 VI
1210 491 1241 532 7,
1262 491 1293 524 7.
1319 489 1453 534 prodire
1473 499 1515 525 ac

285 549 431 583 recedere
451 550 484 583 d.
507 550 549 583 ol.
570 550 587 582 1
610 552 643 589 8,
664 552 695 583 4.

321 615 591 668 oppositorum
617 618 819 659 verborum
844 620 974 659 cetera
998 617 1172 666 exempla
1195 617 1286 656 sunt
1310 616 1424 656 haec:

282 683 426 725 probare
446 693 486 717 ac
501 684 642 726 probari
662 694 714 726 ep.
739 685 810 719 109,
835 685 886 716 10.
927 683 1031 716 nodos
1053 683 1154 716 noctis
1177 691 1218 715 ac
1244 681 1340 715 solvis
1361 691 1413 723 ep.
1441 681 1514 718 117,

274 740 337 778 ³1.
380 740 480 775 nodos
497 741 654 776 nectimus
666 759 706 766 —
719 752 761 776 ac
775 741 889 776 deinde
905 741 1112 775 dissolvimus
1124 750 1177 782 op.
1191 740 1243 781 45,
1255 740 1284 773 5.
1329 749 1412 781 quae
1424 740 1513 773 ratio

282 807 437 831 oceanum
458 797 607 838 effundat
628 808 667 832 ac
689 802 810 833 revocet
830 799 863 831 d.
879 799 911 831 b.
931 798 993 830 VII
1017 800 1047 838 1,
1063 798 1091 830 5.
1133 798 1271 839 fugiunt
1292 808 1332 831 ac
1353 801 1510 831 umnam

282 864 333 896 ep.
350 854 404 895 24,
426 854 477 887 26.
536 854 637 888 edunt
664 865 705 896 ac
731 855 844 888 munt
871 865 922 897 ep.
946 856 997 895 37,
1018 855 1051 886 2.
1109 864 1150 887 eae
1171 864 1237 896 qua
1252 854 1451 896 prodierunt
1472 864 1512 887 ac

281 922 357 946 mox
374 922 571 954 processura
591 917 670 947 eunt
691 924 742 956 ep.
766 915 818 953 86,
843 915 893 947 10.
957 913 1054 947 turba
1075 913 1206 947 veniens
1231 923 1272 947 ac
1291 912 1441 947 recedens
1462 912 1508 946 di.

234 1006 237 1009 ,
282 970 345 1003 vn
364 971 396 1010 4,
419 972 447 1003 3.
602 971 735 1004 vivendi
754 981 794 1004 ac
816 971 977 1004 moriendi
998 971 1139 1004 seientia
1158 970 1203 1003 di.
1227 970 1258 1002 X
1284 971 1333 1011 19,
1354 971 1385 1004 2.
1428 971 1509 1004 vics·-

282 1029 341 1062 bue
361 1028 512 1063 mittendi
533 1039 573 1063 ac
593 1029 778 1063 remittendi
794 1029 825 1062 d.
848 1029 881 1062 b.
905 1028 937 1062 11
959 1029 1011 1070 32,
1032 1028 1062 1062 4.
1184 1028 1316 1071 peritus
1335 1027 1507 1071 fuyiendo-

280 1095 353 1119 nun
373 1087 637 1127 acpetomiormu
658 1098 710 1129 ep.
733 1089 784 1127 66,
806 1089 837 1120 6.
880 1087 1063 1128 adpetenda
1083 1096 1124 1120 ac
1143 1086 1303 1128 fuqn‘enda
1327 1097 1379 1127 ep.
1402 1087 1454 1127 82,
1476 1087 1507 1120 6.

279 1142 432 1184 facienda
451 1153 493 1177 ae
511 1143 652 1177 vitanda
671 1154 725 1186 ep.
747 1144 800 1186 94,
814 1144 857 1176 48
869 1146 905 1176 et
918 1144 971 1184 95,
994 1144 1044 1176 13.
1083 1142 1287 1184 praesstanda
1307 1152 1348 1176 ac
1367 1143 1508 1176 vitanda

280 1201 334 1239 95,
354 1202 407 1234 61.

318 1268 387 1309 His
412 1268 598 1309 accedunt
622 1269 733 1319 pauci
757 1270 839 1317 loci,
875 1269 1013 1318 quibus
1037 1269 1147 1309 abest
1172 1268 1357 1318 oppositio
1382 1268 1506 1307 notio-

197 1345 301 1383 num,
327 1345 424 1384 quos
448 1335 597 1375 omitto.
634 1334 761 1378 Causa
784 1339 927 1382 autem,
952 1346 1021 1376 cur
1045 1335 1116 1376 has
1128 1334 1356 1384 gerundiiet
1367 1344 1506 1384 gerun-

195 1399 272 1440 divi
300 1399 443 1441 formas
465 1400 546 1441 fere
571 1400 721 1449 aequali
750 1412 908 1441 numero
924 1411 994 1450 per
1010 1414 1052 1441 ac
1068 1399 1320 1450 composuerit
1332 1399 1504 1449 scriptor,

195 1466 234 1506 in
268 1468 402 1516 aperto
439 1468 517 1515 est,
556 1468 656 1507 inest
689 1467 789 1507 enim
814 1467 959 1516 aliquid
984 1467 1130 1507 molesti
1158 1468 1199 1507 et
1224 1464 1393 1515 languidi
1418 1474 1505 1505 con—

193 1531 344 1571 lectioni
367 1543 510 1579 earum,
550 1533 651 1580 quod
674 1535 902 1572 extenuatur
927 1532 1149 1581 interposito
1173 1545 1227 1571 ac.
1279 1531 1336 1571 De
1361 1545 1405 1571 ac
1432 1529 1504 1570 hoc

194 1599 397 1647 praeterea
422 1596 511 1636 addi
534 1600 672 1645 potest,
701 1598 826 1637 minus
852 1597 901 1637 ad
926 1596 1114 1647 participii
1130 1594 1408 1645 componendas
1425 1594 1504 1634 for-

194 1672 280 1702 mas
302 1673 418 1712 quam
443 1661 616 1702 infinitivi
641 1666 681 1702 et
705 1663 897 1704 indicativi
922 1665 1039 1712 atque
1054 1662 1279 1703 coniunctivi
1295 1660 1397 1702 modi
1415 1672 1501 1701 eam

146 1729 149 1731 ’
190 1727 414 1775 particulam
440 1728 619 1767 adhiberi.
657 1728 755 1767 Nam
780 1729 981 1777 participia
997 1728 1210 1777 praesentis
1224 1727 1336 1767 activi
1348 1728 1503 1775 praeter

190 1791 239 1831 di.
264 1791 338 1831 vn
361 1792 398 1841 4,
423 1794 447 1832 3
472 1792 751 1842 coniunguntur
774 1793 824 1833 ὥς
849 1793 888 1833 H
918 1794 977 1841 10,
1003 1793 1028 1832 3
1052 1792 1103 1831 di.
1129 1792 1186 1831 111
1215 1793 1248 1839 1,
1274 1792 1310 1830 4.
1334 1790 1370 1829 d.
1396 1791 1432 1830 b.
1448 1790 1502 1829 VI

191 1857 252 1905 24,
278 1857 311 1897 1.
338 1868 372 1896 n.
399 1868 434 1905 q.
460 1857 514 1896 IV
544 1858 602 1906 13,
631 1859 669 1907 1;
700 1858 848 1907 generis
876 1858 1017 1908 passivi
1038 1868 1096 1907 ep.
1122 1858 1183 1905 26,
1208 1858 1234 1895 4
1259 1856 1307 1896 di.
1330 1856 1350 1895 I
1375 1857 1410 1906 2,
1440 1856 1498 1895 12.

189 1932 226 1962 n.
252 1931 289 1970 q.
316 1921 333 1960 I
362 1922 398 1973 5,
428 1923 458 1962 1.
489 1934 526 1962 n.
552 1933 589 1972 q.
615 1923 673 1963 III
700 1924 759 1974 15,
784 1924 819 1963 5.
846 1934 884 1963 n.
911 1934 947 1974 q.
973 1923 1027 1962 IV
1052 1924 1088 1970 2,
1123 1923 1158 1961 6.
1238 1920 1312 1961 Sed
1347 1920 1500 1961 omnino

188 1987 293 2026 casui
333 1986 433 2028 hanc
468 1988 668 2028 raritatem
705 1988 946 2029 tribuendam
986 1999 1068 2029 esse
1108 1998 1183 2027 non
1221 1998 1292 2037 ego
1328 1986 1498 2027 dixerim.

188 2051 286 2091 Cum
320 2053 421 2093 enim
457 2054 629 2102 gravitas
662 2054 851 2104 quaedam
894 2054 983 2093 insit
1006 2068 1048 2094 ao
1072 2052 1303 2103 partiquae,
1343 2063 1497 2093 consen-

187 2119 343 2158 taneum
381 2121 442 2159 est
478 2120 533 2160 eis
571 2119 809 2169 potissimum
844 2131 928 2159 eam
955 2119 1144 2167 interponi
1169 2118 1420 2169 temporibus,
1460 2118 1499 2157 in

185 2182 322 2232 quibus
355 2182 465 2223 firma
501 2184 768 2233 pronuntiandi
805 2187 845 2224 et
882 2183 1070 2224 indicandi
1096 2183 1172 2231 vis,
1207 2194 1285 2231 qua
1312 2184 1498 2224 instructa

185 2250 276 2288 sant
299 2249 425 2296 verba,
449 2250 563 2299 plena
587 2252 627 2289 et
650 2249 852 2290 imminuta
878 2253 946 2290 est.

310 2322 462 2363 Plenior
499 2327 626 2363 autem
659 2324 782 2363 forma
812 2330 916 2372 atque
941 2324 1063 2363 multo
1089 2325 1211 2363 rarior
1235 2326 1297 2364 est
1322 2334 1392 2363 nec
1416 2323 1495 2362 ullo

122 2424 127 2431 .
183 2386 265 2427 loco
300 2387 392 2429 talis
428 2389 612 2438 oppositio
651 2388 854 2429 verborum
888 2389 1133 2438 conspicitur,
1173 2389 1325 2438 qualem
1366 2389 1495 2438 priora

184 2453 357 2502 exempla
395 2454 611 2494 ostendunt.
673 2455 773 2494 Nam
811 2455 851 2494 in
888 2455 1078 2495 sententia
1111 2466 1212 2505 quae
1250 2455 1309 2494 bis
1333 2455 1495 2495 occurrit

182 2521 275 2558 ᾶᾱοηι
309 2522 396 2559 veae
431 2525 535 2569 atque
562 2521 662 2561 'idem
696 2524 788 2561 mlle
818 2520 892 2570 (ep.
920 2520 981 2560 20.
1007 2521 1031 2560 5
1057 2531 1117 2570 ep.
1145 2520 1231 2566 109,
1258 2518 1323 2570 16)
1347 2518 1493 2560 accedit
