1735 2760
325 773 380 814 Ut
405 776 632 824 componant
659 773 830 824 singulas
856 773 1029 813 notiones
1047 774 1086 811 et
1102 774 1186 811 tota
1199 770 1409 817 enuntiata,
1438 772 1516 808 tres

207 839 388 879 adhibent
403 838 564 878 Romani
589 840 796 888 particulas
824 844 868 884 ά,
894 851 969 886 que,
996 852 1038 877 ac
1062 837 1123 877 vel
1144 842 1258 884 atque.
1310 835 1516 874 Discrimen

208 904 308 954 quod
334 904 432 943 inter
458 913 524 943 eas
551 897 763 944 intercedat
788 906 828 943 et
850 903 917 951 qui
941 902 1091 951 proprie
1109 902 1245 949 cuique
1259 900 1309 939 sit
1323 911 1424 946 usus,
1453 899 1519 948 qui

210 966 374 1008 indicare
401 960 522 1017 volet,
561 968 617 1007 ita
654 968 735 1007 fere
769 968 884 1007 dicet:
924 978 993 1016 per
1018 972 1051 1006 et
1074 965 1288 1006 enumerari
1314 966 1432 1004 verba
1458 964 1519 1004 vel

209 1030 417 1074 sententias
453 1033 632 1072 interiore
670 1033 819 1072 ratione
853 1032 1045 1081 neglecta,
1087 1042 1156 1079 per
1190 1044 1233 1069 ac
1257 1030 1394 1078 (atque)
1421 1040 1520 1068 nova

209 1098 365 1148 adiungi
391 1097 449 1137 vel
473 1108 574 1147 quae
599 1108 683 1137 cum
710 1098 898 1147 gravitate
925 1096 1089 1145 quadam
1116 1096 1425 1144 pronuntientur,
1450 1105 1519 1144 per

210 1177 276 1211 que
313 1161 576 1211 comprehendi
613 1172 711 1211 quae
752 1165 834 1202 arte
874 1161 1111 1201 cohaereant.
1163 1158 1237 1199 Sed
1262 1163 1307 1199 ut
1331 1158 1410 1199 fere
1437 1170 1519 1198 ver-

210 1228 354 1274 borum,
381 1238 480 1276 quae
506 1227 544 1265 in
567 1225 758 1275 frequenti
784 1238 857 1266 usu
882 1228 985 1274 sunt,
1011 1224 1175 1274 genuina
1201 1228 1240 1263 et
1266 1224 1388 1273 prima
1406 1224 1520 1272 signi-

209 1292 335 1332 ficatio
359 1291 572 1332 deflectitur
595 1296 634 1332 et
659 1291 857 1340 paululum
879 1292 1152 1337 commutatur,
1181 1291 1234 1329 sic
1260 1289 1346 1328 illae
1372 1299 1522 1337 quoque

210 1357 421 1407 particulae
445 1356 628 1406 paulatim
653 1366 739 1394 cum
764 1366 855 1394 cura
881 1355 1063 1403 distingui
1087 1355 1280 1394 desierunt
1295 1358 1334 1394 et
1351 1354 1419 1393 soli
1438 1364 1521 1393 con-

210 1422 388 1473 iungendi
427 1421 574 1461 muneri
609 1418 854 1460 inservientes
894 1420 1050 1460 inwcem
1086 1420 1194 1460 sedes
1226 1423 1520 1464 commutarunt.

210 1488 373 1528 Ventum
398 1484 514 1536 igitur
539 1485 764 1536 procedente
790 1490 960 1534 tempore
987 1497 1031 1525 eo
1058 1489 1127 1533 est,
1157 1489 1200 1525 ut
1225 1496 1302 1534 qua
1330 1485 1521 1534 particula

212 1553 269 1593 uti
296 1552 422 1600 vellet,
461 1551 565 1592 haud
600 1562 690 1591 raro
726 1551 764 1590 in
804 1551 1000 1601 scriptoris
1036 1551 1192 1591 arbitrio
1217 1551 1382 1601 positum
1412 1554 1523 1591 esset.

211 1619 327 1659 Velut
353 1617 557 1657 abhorrent
582 1628 607 1656 a
633 1618 802 1665 priorum
827 1620 1041 1667 temporum
1068 1619 1271 1657 severitate
1296 1628 1395 1666 quae
1421 1618 1522 1666 apud

213 1683 389 1724 Tacitum
421 1682 641 1733 saepissime
672 1683 852 1730 leguntur
878 1681 1071 1731 complura
1098 1683 1265 1723 eiusdem
1292 1684 1382 1722 iuris
1408 1683 1525 1723 verba

212 1750 326 1790 variis
365 1748 486 1789 modis
525 1747 714 1798 copulata.
766 1748 828 1787 Ita
865 1754 899 1788 et
935 1752 1014 1788 ideo
1052 1751 1092 1787 et
1119 1753 1264 1797 ideoque
1290 1749 1328 1788 in
1359 1749 1524 1789 Senecae

213 1814 320 1854 libris
344 1814 555 1864 promiscue
581 1813 752 1853 adhibita
778 1816 878 1860 sunt,
907 1814 1067 1862 quorum
1093 1815 1200 1863 prius
1225 1813 1443 1861 Quintiliani
1470 1815 1524 1853 in·

214 1879 431 1919 stitutiones
455 1878 596 1927 legenti
628 1878 821 1918 rarissime
846 1881 1030 1917 occurret.
1082 1877 1279 1927 Similique
1306 1879 1416 1917 modo
1432 1879 1529 1917 vitat

214 1942 369 1984 Curtius
394 1942 516 1983 Rufiis
555 1948 589 1982 et
625 1945 665 1982 et
702 1957 744 1983 ac
780 1942 1008 1992 particulam
1034 1953 1130 1982 .cum
1168 1948 1243 1983 iam
1279 1943 1527 1983 coniunctam.

217 2008 343 2055 Quare
373 2018 488 2057 qnam
504 2008 611 2047 vario
637 2007 783 2047 dicendi
809 2018 947 2056 genere
972 2012 1131 2047 utantur
1156 2009 1370 2057 scriptores,
1396 2009 1456 2048 vel
1479 2019 1528 2047 ex

216 2073 497 2115 levissimarum
521 2072 659 2112 harum
685 2065 961 2122 particularum
991 2085 1064 2114 usu
1089 2076 1129 2113 et
1152 2073 1366 2122 frequentia
1384 2074 1529 2113 intelle·

174 2185 183 2193 .
217 2131 331 2189 gitur.
369 2136 475 2193 *Nona
499 2148 729 2186 magnopere
760 2138 949 2188 discrepat
974 2139 1012 2177 in
1038 2138 1158 2178 Curtii
1183 2139 1342 2179 historia
1368 2151 1527 2179 numero

218 2198 251 2243 ei
285 2204 333 2244 ab
359 2217 441 2255 que,
479 2206 522 2243 at
532 2213 680 2243 -rursus
705 2203 816 2253 longe
842 2204 912 2244 hoc
937 2203 1171 2255 frequentius
1196 2208 1256 2244 est
1282 2215 1397 2254 quam
1422 2219 1466 2244 ac
1491 2209 1531 2244 et

219 2275 333 2322 atqu.
384 2268 537 2309 Videbis
575 2269 689 2315 enim,
730 2270 765 2309 si
803 2280 883 2309 rem
922 2270 971 2309 ad
1009 2269 1171 2311 calculos
1196 2272 1451 2319 revocaveris,
1491 2271 1531 2310 in

219 2334 350 2383 primis
372 2334 520 2374 duobus
543 2334 651 2373 libris
677 2340 710 2373 et
726 2334 892 2382 positum
919 2336 1066 2375 circiter
1082 2336 1158 2374 470
1174 2336 1276 2383 locis,
1304 2350 1370 2384 que
1387 2337 1472 2384 350,
1491 2350 1534 2375 ac

173 2435 181 2443 ,
220 2400 282 2449 50,
307 2404 412 2448 atque
435 2399 496 2439 25.
537 2397 679 2439 Seneca
703 2402 831 2439 autem
847 2400 912 2449 qui
925 2400 1050 2440 minus
1061 2400 1258 2450 perpolitis
1271 2401 1397 2441 verbis
1414 2411 1529 2449 quam

220 2465 399 2513 gravibus
428 2464 625 2504 sententiis
656 2465 802 2504 animos
832 2469 957 2505 movet
964 2461 980 2516 ‚'
1006 2466 1147 2506 leviore
1178 2467 1327 2504 vinculo
1354 2466 1533 2504 orationis

221 2529 392 2571 membra
414 2532 608 2570 conectere
633 2527 742 2571 solet.
792 2531 837 2571 In
863 2532 1039 2581 epistulis
1067 2532 1219 2582 quidem
1248 2537 1280 2571 et
1305 2532 1360 2571 ita
1376 2543 1532 2582 praeva-

763 2597 765 2599 ·
1272 2599 1288 2631 1
