1735 2760
851 76 900 114 40
1334 60 1352 86 '

213 199 280 232 tuit
308 198 444 232 catulos
469 198 617 242 vestiyia
642 201 740 243 sequi
765 201 891 243 quique
916 200 988 234 iam
1015 199 1214 234 eoeercitatis
1243 200 1358 234 ulitur
1375 189 1418 233 (1.
1447 196 1490 235 cl.
1517 196 1535 233 I

216 259 274 306 16,
302 259 336 297 5.
369 273 468 298 omne
494 262 685 298 humanum
709 274 831 310 yenus,
857 265 1014 309 quodque
1039 266 1089 299 est
1114 265 1273 308 quodque
1298 265 1365 299 erit
1389 271 1447 310 ep.
1477 261 1535 308 71,

217 324 275 361 15.
301 328 468 368 homines,
487 329 613 371 quique
637 331 720 362 sunt
737 330 862 372 quique
890 318 1004 371 eremi,
1034 326 1081 363 di.
1109 325 1202 363 VIII
1227 326 1261 373 6,
1279 326 1314 363 4.
1355 324 1536 370 Quintum

213 398 327 436 porro
364 388 581 436 exemplum
608 388 771 428 Senecae
806 390 942 428 tribuit
966 389 1143 428 Gertzius
1185 390 1219 428 d.
1249 390 1294 428 cl.
1332 389 1369 427 II
1405 391 1437 436 1,
1465 391 1489 428 3
1515 401 1535 428 e

213 452 403 500 scriptura
422 452 558 492 codicis
574 453 607 490 N
624 459 774 502 qentesq.
799 457 838 493 et
863 454 1019 503 volgata
1040 459 1156 502 qentes
1182 467 1271 502 quae
1294 452 1440 502 fingens
1455 467 1536 502 qen-

213 523 263 556 tes
288 531 442 566 quaeque
466 529 527 557 me
553 529 627 557 non
655 520 851 569 probante,
875 520 963 567 quia
988 522 1139 568 praeter
1164 519 1428 558 necessitatem
1454 522 1533 558 tam

200 593 325 622 ‘rarae
351 583 527 622 dictionis
554 585 770 633 exemplum
795 585 970 633 scriptori
996 584 1138 623 inferre
1163 595 1237 623 non
1264 583 1454 623 debemus.

334 647 621 696 Componuntur
647 649 839 687 interdurn
862 650 1084 697 pronomina
1110 649 1156 687 ad
1177 649 1400 697 qualitatem
1429 659 1534 697 spec—

216 713 342 751 tantia
369 713 475 751 velut
504 719 554 752 tot
579 716 618 752 et
643 718 737 759 talis,
771 725 870 762 quae
897 715 977 762 ipsa
1006 714 1068 752 ubi
1096 725 1164 762 per
1190 728 1232 753 ac
1258 715 1457 753 coniuncta
1484 715 1536 752 le-

215 780 396 825 gerentur
425 778 500 814 iam
526 778 786 818 indicavimus.
841 779 1040 817 Addantur
1068 790 1112 816 ea
1137 779 1311 827 exempla
1338 779 1374 816 in
1401 779 1536 826 quibus

213 858 279 892 que
307 843 474 892 positum
492 845 570 882 est:
598 848 648 882 tot
676 849 884 891 tantorumq.
904 847 1145 890 beneficiorum
1170 843 1209 884 d.
1230 843 1266 882 b.
1294 843 1409 890 1129,
1438 845 1462 883 3
1487 849 1536 882 tot

217 916 365 957 tantosq.
395 912 508 947 luctus
534 908 583 948 di.
614 910 665 947 XI
698 910 755 956 15,
783 911 818 947 3.
856 914 942 957 quid
967 914 1039 948 sint
1064 914 1102 948 di
1126 913 1280 957 qualesq.
1304 920 1360 958 ep.
1387 910 1446 956 90,
1474 910 1534 949 28.

218 979 303 1022 quid
327 980 374 1013 sit
397 979 577 1013 clementia
603 978 749 1022 qualisq.
778 974 813 1013 d.
838 975 881 1012 cl.
911 975 950 1012 II
976 976 1011 1024 3,
1039 976 1069 1013 1.
1114 978 1231 1022 qualis
1255 980 1439 1022 quantusq.
1476 986 1535 1023 ep.

216 1039 274 1085 76,
301 1040 360 1078 32.
401 1051 459 1087 ep.
489 1039 548 1085 93,
576 1040 610 1077 8.
652 1044 776 1087 quanti
802 1043 955 1087 qualesq.
985 1052 1022 1078 n.
1049 1050 1084 1087 q.
1112 1040 1184 1078 VII
1213 1040 1273 1086 25,
1304 1039 1338 1078 7.

849 1160 911 1199 VI.

334 1237 682 1288 Praepositionibus
719 1249 807 1278 raro
843 1237 986 1278 Seneca
1024 1239 1140 1278 adicit
1169 1254 1234 1288 que
1271 1242 1310 1279 et
1335 1245 1440 1287 atque
1466 1238 1540 1287 (ac)

216 1303 431 1356 particulas
452 1307 570 1353 atque
595 1304 666 1343 hoc
691 1304 790 1342 inter
816 1316 881 1343 eas
907 1303 1001 1343 facit
1024 1303 1236 1350 discrimen,
1264 1308 1306 1343 ut
1329 1318 1395 1353 que
1420 1308 1539 1355 ponat

216 1372 255 1409 in
284 1370 359 1409 fine
396 1370 678 1419 bisyllabarum‚
718 1384 759 1408 ao
797 1373 836 1408 et
863 1375 967 1416 atque
994 1380 1068 1407 uno
1095 1374 1252 1417 excepto
1292 1370 1373 1408 loco
1407 1380 1538 1408 mono-

219 1436 378 1487 syllabis
410 1438 633 1484 praeponat.
699 1434 756 1473 Ea
784 1445 871 1473 vero
904 1434 966 1472 lex
1005 1445 1103 1482 quae
1137 1434 1226 1473 olim
1258 1434 1541 1484 observabatur,

215 1504 259 1541 ut
284 1512 370 1540 cum
396 1500 744 1549 praeposit-ionibus
763 1503 846 1538 tum
871 1500 992 1539 solum
1010 1500 1301 1548 coniungeretur
1320 1514 1396 1547 que,
1427 1500 1457 1539 si
1482 1511 1538 1539 re-

218 1569 441 1616 peterentur
477 1577 521 1605 ae
558 1566 724 1614 plurium
759 1566 991 1613 syllabarum
1022 1569 1159 1612 essent,
1189 1577 1273 1605 cum
1301 1565 1377 1604 iam
1405 1566 1492 1605 inde
1515 1577 1538 1604 a

222 1633 317 1671 Livii
343 1632 579 1680 temporibus
600 1632 747 1680 neglegi
773 1635 907 1680 coepta
932 1635 1001 1679 est,
1030 1637 1110 1671 tum
1141 1643 1164 1670 a
1180 1631 1319 1671 Seneca
1346 1632 1401 1670 ita
1429 1643 1541 1683 repu-

216 1697 356 1745 diatur,
384 1700 428 1734 ut
455 1696 641 1744 repetitae
660 1696 933 1745 praepositioni
949 1696 1004 1734 bis
1030 1698 1180 1734 tantum
1199 1696 1395 1735 adnectat:
1411 1710 1538 1744 supra-

214 1776 392 1809 supraque
416 1772 474 1809 ep.
502 1762 561 1809 80,
592 1761 626 1798 8.
658 1765 891 1807 inter-intem.
921 1761 956 1799 d.
985 1760 1028 1798 cl.
1057 1761 1095 1798 II
1123 1763 1158 1808 4,
1193 1762 1228 1807 4,
1260 1761 1372 1800 aliam
1409 1764 1536 1800 autem

218 1827 540 1875 praepositionem
567 1826 791 1873 praemittat
817 1828 894 1864 ter:
930 1831 1186 1873 supra-circaq.
1221 1827 1254 1865 d.
1278 1826 1312 1864 b.
1343 1827 1394 1864 IV
1433 1827 1490 1873 19,
1517 1827 1540 1865 2

216 1894 255 1930 et
281 1891 330 1930 di.
360 1891 433 1929 vn
459 1892 518 1936 20,
547 1891 581 1927 5.
612 1894 793 1937 ψει-νεαρ.
823 1901 857 1927 n.
886 1900 922 1937 q.
950 1890 1001 1928 1v
1036 1891 1067 1936 1,
1097 1891 1128 1928 1.
1173 1889 1390 1929 Praeterea
1417 1880 1540 1930 habes

214 1962 340 2003 intem.
369 1955 404 1994 d.
431 1955 466 1994 b.
493 1955 512 1993 I
542 1955 574 2001 1,
602 1954 636 1992 9.
665 1953 712 1992 di.
740 1953 795 1993 VI
822 1955 881 2001 25,
912 1957 943 1993 1.
971 1965 1029 2003 ep.
1057 1955 1117 2002 93,
1143 1956 1178 1993 8.
1204 1969 1350 2004 supraq.
1393 1966 1452 2005 ep.
1477 1956 1536 2003 95,

218 2023 274 2060 10.
301 2021 350 2061 di.
379 2021 412 2055 V
438 2021 473 2067 6,
501 2021 535 2058 6.
563 2025 718 2067 contraq.
750 2019 785 2058 (1.
817 2019 851 2058 b.
887 2020 938 2058 IV
969 2021 1026 2067 18,
1061 2022 1093 2058 1.
1128 2035 1268 2069 superq.
1300 2031 1356 2070 ep.
1387 2022 1468 2068 115,
1502 2022 1538 2060 4.

334 2086 447 2125 Ultra
485 2085 649 2134 primum
687 2086 873 2124 enuntiati
914 2085 1069 2123 verbum
1099 2087 1301 2125 traiectum
1334 2090 1393 2125 est
1420 2087 1538 2125 semel

214 2154 364 2190 tantum
393 2152 505 2199 idque
534 2161 579 2190 eo
603 2151 767 2198 consilio,
796 2162 843 2190 ne
859 2151 1050 2199 legeretur
1064 2151 1311 2198 compositum
1328 2162 1414 2190 cum
1428 2163 1536 2200 prae·

214 2218 398 2265 positione
425 2214 689 2265 monosyllaba
715 2230 758 2255 ex
770 2220 1037 2264 mollissimoque
1053 2220 1150 2254 tabes
1177 2222 1229 2254 est
1256 2229 1290 2254 n.
1304 2228 1340 2265 q.
1355 2217 1408 2255 IV
1423 2218 1457 2264 2,
1477 2218 1539 2256 21.

336 2283 392 2320 Ac
427 2292 511 2320 cum
552 2281 757 2320 abhorreat
794 2292 817 2320 a
844 2280 1037 2320 vocalibus
1075 2284 1114 2319 et
1154 2281 1413 2329 gutturalibus
1449 2292 1538 2320 raro

214 2349 437 2395 usurpatur,
465 2351 555 2386 ante
579 2358 644 2386 eas
676 2347 859 2395 imprimis
895 2347 1192 2396 praepositiones
1225 2357 1386 2394 quarum
1413 2347 1536 2395 prima

212 2413 346 2452 littera
372 2414 431 2451 est
450 2427 479 2459 p
505 2416 573 2450 aut
598 2426 625 2450 s.
678 2411 739 2450 Sic
765 2426 807 2450 ac
836 2415 912 2450 sine
937 2423 995 2460 ep.
1022 2413 1082 2459 40,
1110 2413 1145 2450 8.
1172 2412 1221 2451 di.
1249 2412 1303 2450 IV
1333 2412 1391 2459 12,
1417 2412 1453 2450 4.
1481 2411 1532 2451 di.

211 2477 285 2517 XII
311 2478 346 2526 3,
376 2477 408 2516 1.
433 2491 477 2517 ac
498 2481 562 2517 sub
594 2477 643 2517 di.
677 2477 715 2517 II
743 2477 799 2524 11,
826 2478 861 2516 3.
895 2489 936 2515 ao
955 2489 1025 2525 per
1058 2487 1117 2525 ep.
1145 2477 1205 2525 84,
1233 2477 1269 2517 3.
1296 2476 1344 2517 di.
1371 2477 1404 2516 V
1433 2478 1467 2525 2,
1495 2477 1530 2516 4.
